@string{JAIR = {{J. Artif. Intell. Res.(JAIR)}}}

@string{AIJ = {{Artificial Intelligence}}}

@string{IEEE = {{Proc. of the IEEE}}}

@string{ECAI = {{Proc. of European Conference on Artificial Intelligence}}}

@string{IJCAI = {{Proc. of International Joint Conference on Artificial Intelligence (IJCAI)}}}

@string{KEPS = {{Proc. of the ICAPS Workshop on Knowledge Engineering for Planning and Scheduling(KEPS)}}}

@string{SPARK = {{Proc. of the ICAPS Workshop on Scheduling and Planning Applications (SPARK)}}}

@string{PRL = {{Proc. of the ICAPS Workshop on Bridging the Gap Between AI Planning and Reinforcement Learning (PRL)}}}

@string{ICAPS = {{Proc. of the International Conference on Automated Planning and Scheduling (ICAPS)}}}

@string{IPC = {{Proc. of the International Planning Competition}}}

@string{ECP = {{Proc. of European Conference on Planning}}}

@string{AIPS = {{Proc. of the International Conference on Artificial Intelligence Planning and Scheduling}}}

@string{SOCS = {{Proc. of Annual Symposium on Combinatorial Search}}}

@string{SARA = {{Proc. of Symposium on Abstraction, Reformulation, and Approximation}}}

@string{AAAI = {{Proc. of AAAI Conference on Artificial Intelligence}}}

@string{IAAI = {{Proc. of the Innovative Applications of Artificial Intelligence Conference}}}

@string{ICRA = {{Proc. of IEEE International Conference on Robotics and Automaton (ICRA)}}}

@string{IROS = {{Proc. of IEEE International Workshop on Intelligent Robots and Systems (IROS)}}}

@string{AAMAS = {{Proc. of the International Conference on Autonomous Agents and Multi-Agent Systems (AAMAS)}}}

@string{UAI = {{Proc. of the International Conference on Uncertainty in Artificial Intelligence (UAI)}}}

@string{NIPS = {{Advances in Neural Information Processing Systems}}}

@string{ICML = {{Proc. of the International Conference on Machine Learning}}}

@string{ICLR = {{Proc. of the International Conference on Learning Representations}}}

@string{CVPR = {{Proc. of IEEE Conference on Computer Vision and Pattern Recognition}}}

@string{ICASSP = {{Proc. of IEEE Conference on Acoustics, Speech and Signal Processing}}}

@string{IJCCI = {{Proc. of International Joint Conference on Computational Intelligence (IJCCI)}}}

@string{ILP = {{Proc. of International Conference on Inductive Logic Programming ({ILP})}}}

@string{SIGMOD = {{Proc. of the International Conference on Management of Data (SIGMOD)}}}

@string{SIGKDD = {{Proc. of ACM International Conference on Knowledge Discovery and Data Mining (SIGKDD)}}}

@string{ECCV = {{Proc. of the European Conference on Computer Vision (ECCV)}}}

@string{ICPR = {{Proc. of the International Conference on Pattern Recognition (ICPR)}}}

@string{TPAMI = {{IEEE Transactions on Pattern Analysis and Machine Intelligence}}}

@string{ACL = {{Proc. of the Annual Meeting of the Association for Computational Linguistics}}}

@string{COLING = {{Proc. of the International Conference on Computational Linguistics}}}

@string{COMPINT = {Computational Intelligence}}

@string{ECML = {{Proc. of the European Conference on Machine Learning and Principles and Practice of Knowledge Discovery in Databases}}}

@string{AMAI = {{Annals of Mathematics and Artificial Intelligence}}}

@string{AISTATS = {Proc. of the International Conference on Artificial Intelligence and Statistics (AISTATS)}}

@inproceedings{xie15understanding,
	author = {Xie, Fan and M{\"u}ller, Martin and Holte, Robert},
	booktitle = ICAPS,
	pages = {244--248},
	title = {{Understanding and Improving Local Exploration for {GBFS}}},
	year = {2015}
}

@inproceedings{xie14gbfsle,
	author = {Xie, Fan and M{\"u}ller, Martin and Holte, Robert},
	booktitle = AAAI,
	pages = {2388--2394},
	title = {{Adding Local Exploration to Greedy Best-First Search in Satisficing Planning}},
	year = {2014}
}

@inproceedings{hubaracseb16binarized,
	author = {Hubara, Itay and Courbariaux, Matthieu and Soudry, Daniel and El{-}Yaniv, Ran and Bengio, Yoshua},
	booktitle = NIPS,
	pages = {4107--4115},
	title = {{Binarized Neural Networks}},
	year = {2016}
}

@inproceedings{vinyals15pointer,
	author = {Vinyals, Oriol and Fortunato, Meire and Jaitly, Navdeep},
	booktitle = NIPS,
	pages = {2692--2700},
	title = {{Pointer Networks}},
	year = {2015}
}

@inproceedings{Asai2018,
	author = {Asai, Masataro and Fukunaga, Alex},
	booktitle = AAAI,
	title = {{Classical Planning in Deep Latent Space: Bridging the Subsymbolic-Symbolic Boundary}},
	year = {2018}
}

@inproceedings{ioffe2015batch,
	author = {Ioffe, Sergey and Szegedy, Christian},
	booktitle = ICML,
	pages = {448--456},
	title = {{Batch Normalization: Accelerating Deep Network Training by Reducing Internal Covariate Shift}},
	year = {2015}
}

@inproceedings{TuckerMMLS17,
	author = {Tucker, George and Mnih, Andriy and Maddison, Chris J. and Lawson, John and Sohl{-}Dickstein, Jascha},
	booktitle = NIPS,
	pages = {2624--2633},
	title = {{{REBAR:} Low-variance, Unbiased Gradient Estimates for Discrete Latent Variable Models}},
	year = {2017}
}

@inproceedings{ChrpaVM15,
	author = {Chrpa, Luk{\'a}{\v s} and Vallati, Mauro and McCluskey, Thomas L.},
	booktitle = IJCAI,
	title = {{On the Online Generation of Effective Macro-Operators}},
	year = {2015}
}

@inproceedings{areces2014optimizing,
	author = {Areces, Carlos and Bustos, Facundo and Dominguez, Mart{\'\i}n Ariel and Hoffmann, J{\"o}rg},
	booktitle = ICAPS,
	title = {{Optimizing Planning Domains by Automatic Action Schema Splitting}},
	year = {2014}
}

@inproceedings{Garcia-DuranFB06,
	address = {Santiago de Compostela, Spain},
	author = {Garc{\'\i}a{-}Dur{\'a}n, Roc{\'\i}o and Fern{\'a}ndez, Fernando and Borrajo, Daniel},
	booktitle = ILP,
	doi = {10.1007/978-3-540-73847-3_25},
	month = {August 24-27},
	title = {{Combining Macro-operators with Control Knowledge}},
	year = {2006}
}

@inproceedings{xie14type,
	author = {Xie, Fan and M{\"u}ller, Martin and Holte, Robert C. and Imai, Tatsuya},
	booktitle = AAAI,
	title = {{Type-Based Exploration with Multiple Search Queues for Satisficing Planning}},
	year = {2014}
}

@inproceedings{stern2010look,
	author = {Stern, Roni and Kulberis, Tamar and Felner, Ariel and Holte, Robert C.},
	booktitle = AAAI,
	title = {{Using Lookaheads with Optimal Best-First Search}},
	year = {2010}
}

@inproceedings{valenzano10,
	author = {Valenzano, Richard Anthony and Sturtevant, Nathan R. and Schaeffer, Jonathan and Buro, Karen and Kishimoto, Akihiro},
	booktitle = ICAPS,
	title = {{Simultaneously Searching with Multiple Settings: An Alternative to Parameter Tuning for Suboptimal Single-Agent Search Algorithms}},
	year = {2010}
}

@inproceedings{imai2011novel,
	author = {Imai, Tatsuya and Kishimoto, Akihiro},
	booktitle = AAAI,
	title = {{A Novel Technique for Avoiding Plateaus of Greedy Best-First Search in Satisficing Planning}},
	year = {2011}
}

@inproceedings{LipovetzkyG11,
	author = {Lipovetzky, Nir and Geffner, H{\'e}ctor},
	booktitle = ICAPS,
	title = {{Searching for Plans with Carefully Designed Probes}},
	year = 2011
}

@inproceedings{LipovetzkyG09,
	author = {Lipovetzky, Nir and Geffner, H{\'e}ctor},
	booktitle = ICAPS,
	title = {{Inference and Decomposition in Planning using Causal Consistent Chains}},
	year = 2009
}

@inproceedings{NakhostM10,
	author = {Nakhost, Hootan and M{\"u}ller, Martin},
	booktitle = ICAPS,
	title = {{Action Elimination and Plan Neighborhood Graph Search: Two Algorithms for Plan Improvement}},
	year = {2010}
}

@inproceedings{BarrettW93,
	author = {Barrett, Anthony and Weld, Daniel S.},
	booktitle = IJCAI,
	title = {{Characterizing Subgoal Interactions for Planning}},
	year = 1993
}

@inproceedings{nakhost2009monte,
	author = {Nakhost, Hootan and M{\"u}ller, Martin},
	booktitle = IJCAI,
	title = {{Monte-Carlo Exploration for Deterministic Planning}},
	year = {2009}
}

@inproceedings{xie2012planning,
	author = {Xie, Fan and Nakhost, Hootan and M{\"u}ller, Martin},
	booktitle = ICAPS,
	title = {{Planning Via Random Walk-Driven Local Search}},
	year = {2012}
}

@inproceedings{Asai2016,
	address = {Arizona, USA},
	author = {Asai, Masataro and Fukunaga, Alex},
	booktitle = AAAI,
	month = {February},
	title = {{Tiebreaking Strategies for Classical Planning Using $A^*$ Search}},
	year = {2016}
}

@inproceedings{chrpa2015exploiting,
	author = {Chrpa, Luk{\'a}{\v s} and Siddiqui, Fazlul Hasan},
	booktitle = IJCAI,
	title = {{Exploiting Block Deordering for Improving Planners Efficiency}},
	year = {2015}
}

@inproceedings{vallati2015effective,
	author = {Vallati, Mauro and Hutter, Frank and Chrpa, Luk{\'a}{\v s} and McCluskey, Thomas L.},
	booktitle = IJCAI,
	title = {{On the Effective Configuration of Planning Domain Models}},
	year = {2015}
}

@inproceedings{Kautz92,
	author = {Selman, Bart and Levesque, Hector J and Mitchell, David G and others},
	booktitle = AAAI,
	title = {{A New Method for Solving Hard Satisfiability Problems}},
	year = {1992}
}

@inproceedings{burns2012implementing,
	author = {Burns, Ethan Andrew and Hatem, Matthew and Leighton, Michael J and Ruml, Wheeler},
	booktitle = SOCS,
	title = {{Implementing Fast Heuristic Search Code}},
	year = {2012}
}

@inproceedings{smith2004choosing,
	author = {Smith, David E},
	booktitle = ICAPS,
	title = {{Choosing Objectives in Over-Subscription Planning}},
	year = {2004}
}

@inproceedings{benton2005over,
	author = {Benton, J and Do, Minh Binh and Kambhampati, Subbarao},
	booktitle = IJCAI,
	title = {{Over-Subscription Planning with Numeric Goals}},
	year = {2005}
}

@inproceedings{Asai2015,
	address = {Jerusalem, Israel},
	author = {Asai, Masataro and Fukunaga, Alex},
	booktitle = ICAPS,
	month = {June},
	title = {{Solving Large-Scale Planning Problems by Decomposition and Macro Generation}},
	year = {2015}
}

@inproceedings{burfoot2006rrt,
	author = {Burfoot, Daniel and Pineau, Joelle and Dudek, Gregory},
	booktitle = ICAPS,
	title = {{RRT-Plan: A Randomized Algorithm for STRIPS Planning}},
	year = {2006}
}

@inproceedings{hall2013faster,
	author = {Hall, David Leo Wright and Cohen, Alon and Burkett, David and Klein, Dan},
	booktitle = ICAPS,
	title = {{Faster Optimal Planning with Partial-Order Pruning}},
	year = {2013}
}

@inproceedings{bernardini2013planning,
	author = {Bernardini, Sara and Porayska-Pomsta, Kaska},
	booktitle = ICAPS,
	title = {{Planning-Based Social Partners for Children with Autism}},
	year = {2013}
}

@inproceedings{valenzano2014comparison,
	author = {Valenzano, Richard Anthony and Schaeffer, Jonathan and Sturtevant, N and Xie, Fan},
	booktitle = ICAPS,
	title = {{A Comparison of Knowledge-Based GBFS Enhancements and Knowledge-Free Exploration}},
	year = {2014}
}

@inproceedings{atramentov2002efficient,
	author = {Atramentov, Anna and LaValle, Steven M},
	booktitle = IRCA,
	title = {{Efficient Nearest Neighbor Searching for Motion Planning}},
	year = {2002}
}

@inproceedings{beckmann1990r,
	author = {Beckmann, Norbert and Kriegel, Hans-Peter and Schneider, Ralf and Seeger, Bernhard},
	booktitle = SIGMOD,
	number = {2},
	title = {{The R*-Tree: An Efficient and Robust Access Method for Points and Rectangles}},
	volume = {19},
	year = {1990}
}

@inproceedings{roussopoulos1995nearest,
	author = {Roussopoulos, Nick and Kelley, Stephen and Vincent, Fr{\'e}d{\'e}ric},
	booktitle = SIGMOD,
	number = {2},
	title = {{Nearest Neighbor Queries}},
	volume = {24},
	year = {1995}
}

@inproceedings{alcazar2011adapting,
	author = {Alc{\'a}zar, Vidal and Veloso, Manuela M. and Borrajo, Daniel},
	booktitle = SOCS,
	title = {{Adapting a Rapidly-Exploring Random Tree for Automated Planning}},
	year = {2011}
}

@inproceedings{kishimoto2009scalable,
	author = {Kishimoto, Akihiro and Fukunaga, Alex and Botea, Adi},
	booktitle = ICAPS,
	title = {{Scalable, Parallel Best-First Search for Optimal Sequential Planning}},
	year = {2009}
}

@inproceedings{holte2010common,
	author = {Holte, Robert C.},
	booktitle = SOCS,
	title = {{Common Misconceptions Concerning Heuristic Search}},
	year = {2010}
}

@inproceedings{bry2011rapidly,
	author = {Bry, Adam and Roy, Nicholas},
	booktitle = IRCA,
	title = {{Rapidly-Exploring Random Belief Trees for Motion Planning Under Uncertainty}},
	year = {2011}
}

@inproceedings{kumar2014tree,
	author = {Kumar, TS and Jung, Sangmook and Koenig, Sven},
	booktitle = ICAPS,
	title = {{A Tree-Based Algorithm for Construction Robots}},
	year = {2014}
}

@inproceedings{erdem2005genome,
	author = {Erdem, Esra and Tillier, Elisabeth},
	booktitle = AAAI,
	title = {{Genome Rearrangement and Planning}},
	year = {2005}
}

@inproceedings{boddy2005course,
	author = {Boddy, Mark S and Gohde, Johnathan and Haigh, Thomas and Harp, Steven A},
	booktitle = ICAPS,
	title = {{Course of Action Generation for Cyber Security Using Classical Planning}},
	year = {2005}
}

@inproceedings{do2008line,
	author = {Do, Minh Binh and Ruml, Wheeler and Zhou, Rong},
	booktitle = AAAI,
	title = {{On-line Planning and Scheduling: An Application to Controlling Modular Printers}},
	year = {2008}
}

@inproceedings{fang2014chance,
	author = {Fang, Cheng and Yu, Peng and Williams, Brian C},
	booktitle = AAAI,
	title = {{Chance-Constrained Probabilistic Simple Temporal Problems}},
	year = {2014}
}

@inproceedings{gerevini2009automatically,
	author = {Gerevini, Alfonso Emilio and Saetti, Alessandro and Vallati, Mauro},
	booktitle = ICAPS,
	title = {{An Automatically Configurable Portfolio-based Planner with Macro-actions: PbP}},
	year = {2009}
}

@inproceedings{coles2011popf2,
	author = {Coles, Amanda and Coles, Andrew and Fox, Maria and Long, Derek},
	booktitle = IPC,
	title = {{POPF2: a Forward-Chaining Partial Order Planner}},
	year = {2011}
}

@inproceedings{srivastava2007domain,
	author = {Srivastava, Biplav and Nguyen, Tuan Anh and Gerevini, Alfonso Emilio and Kambhampati, Subbarao and Do, Minh Binh and Serina, Ivan},
	booktitle = IJCAI,
	title = {{Domain Independent Approaches for Finding Diverse Plans}},
	year = {2007}
}

@inproceedings{goldman2015measuring,
	author = {Goldman, Robert P and Kuter, Ugur},
	booktitle = AAAI,
	title = {{Measuring Plan Diversity: Pathologies in Existing Approaches and A New Plan Distance Metric}},
	year = {2015}
}

@inproceedings{coman2011generating,
	author = {Coman, Alexandra and Mu{\~n}oz-Avila, H{\'e}ctor},
	booktitle = AAAI,
	title = {{Generating Diverse Plans Using Quantitative and Qualitative Plan Distance Metrics}},
	year = {2011}
}

@inproceedings{alhossaini2013instance,
	author = {Alhossaini, Maher A and Beck, J Christopher},
	booktitle = SARA,
	title = {{Instance-Specific Remodelling of Planning Domains by Adding Macros and Removing Operators}},
	year = {2013}
}

@inproceedings{fabre2010cost,
	author = {Fabre, Eric and Jezequel, Lo{\"\i}g and Haslum, Patrik and Thi{\'e}baux, Sylvie},
	booktitle = ICAPS,
	title = {{Cost-Optimal Factored Planning: Promises and Pitfalls}},
	year = {2010}
}

@inproceedings{Asai2014,
	address = {Portsmouth, NH},
	author = {Asai, Masataro and Fukunaga, Alex},
	booktitle = ICAPS,
	month = {June},
	title = {{Fully Automated Cyclic Planning for Large-Scale Manufacturing Domains}},
	year = {2014}
}

@inproceedings{Amdahl1967,
	author = {Amdahl, Gene M},
	booktitle = {{Proceedings of the April 18-20, 1967, Spring Joint Computer Conference}},
	title = {{Validity of the Single Processor Approach to Achieving Large Scale Computing Capabilities}},
	year = {1967}
}

@inproceedings{Bacchus2000,
	author = {Bacchus, Fahiem},
	booktitle = IPC,
	title = {{Subset of {PDDL} for the {AIPS2000} Planning Competition}},
	year = {2000}
}

@inproceedings{baier2007exploiting,
	author = {Baier, Jorge A and Fritz, Christian and McIlraith, Sheila A},
	booktitle = ICAPS,
	pages = {26--33},
	title = {{Exploiting Procedural Domain Control Knowledge in State-of-the-Art Planners}},
	year = {2007}
}

@inproceedings{BoteaMS04,
	author = {Botea, Adi and M{\"u}ller, Martin and Schaeffer, Jonathan},
	booktitle = ICAPS,
	title = {{Using Component Abstraction for Automatic Generation of Macro-Actions}},
	year = {2004}
}

@inproceedings{Chrpa2008,
	author = {Chrpa, Luk{\'a}{\v s} and Bart{\'a}k, Roman},
	booktitle = FLAIRS,
	title = {{Towards Getting Domain Knowledge: Plans Analysis through Investigation of Actions Dependencies}},
	year = {2008}
}

@inproceedings{chrpa2014mum,
	author = {Chrpa, Luk{\'a}{\v s} and Vallati, Mauro and McCluskey, Thomas L.},
	booktitle = ICAPS,
	title = {{MUM: A Technique for Maximising the Utility of Macro-operators by Constrained Generation and Use}},
	year = {2014}
}

@inproceedings{Chrpa2012,
	author = {Chrpa, Luk{\'a}{\v s} and McCluskey, Thomas L. and Osborne, Hugh},
	booktitle = ICAPS,
	title = {{Optimizing Plans through Analysis of Action Dependencies and Independencies}},
	year = {2012}
}

@inproceedings{CushingKTWM2007,
	author = {Cushing, William and Kambhampati, Subbarao and Talamadupula, Kartik and Weld, Daniel S. and Mausam},
	booktitle = ICAPS,
	title = {{Evaluating Temporal Planning Domains}},
	year = {2007}
}

@inproceedings{Dreo2011,
	author = {Dr{\'e}o, Johann and Sav{\'e}ant, Pierre and Schoenauer, Marc and Vidal, Vincent},
	booktitle = IPC,
	title = {{Divide-and-Evolve: The Marriage of Descartes and Darwin}},
	year = {2011}
}

@inproceedings{DraperJCJ1999,
	author = {Draper, D. and Jonsson, Anders and Clements, D. and Joslin, D.},
	booktitle = IJCAI,
	title = {{Cyclic Scheduling}},
	year = {1999}
}

@inproceedings{erol1994,
	author = {Erol, Kutluhan and Hendler, James and Nau, Dana S},
	booktitle = AAAI,
	title = {{HTN Planning: Complexity and Expressivity}},
	year = {1994}
}

@inproceedings{fern2004learning,
	author = {Fern, Alan and Yoon, Sung Wook and Givan, Robert},
	booktitle = ICAPS,
	title = {{Learning Domain-Specific Control Knowledge from Random Walks}},
	year = {2004}
}

@inproceedings{GereviniS98,
	author = {Gerevini, Alfonso Emilio and Schubert, Lenhart K.},
	booktitle = AAAI,
	title = {{Inferring State Constraints for Domain-Independent Planning}},
	year = {1998}
}

@inproceedings{Helmert2009,
	author = {Helmert, Malte and Domshlak, Carmel},
	booktitle = ICAPS,
	title = {{Landmarks, Critical Paths and Abstractions: What's the Difference Anyway?}},
	year = {2009}
}

@inproceedings{likhachev2008r,
	author = {Likhachev, Maxim and Stentz, Anthony},
	booktitle = {{Lab Papers (GRASP)}},
	title = {{R* Search}},
	year = {2008}
}

@inproceedings{lipovetzky2014planning,
	author = {Lipovetzky, Nir},
	booktitle = ICAPS,
	title = {{Planning for Mining Operations with Time and Resource Constraints}},
	year = {2014}
}

@inproceedings{nissim2012tunneling,
	author = {Nissim, Raz and Apsel, Udi and Brafman, Ronen I},
	booktitle = ECAI,
	title = {{Tunneling and Decomposition-Based State Reduction for Optimal Planning}},
	year = {2012}
}

@inproceedings{Ochi2013,
	author = {Ochi, Kimitomo and Fukunaga, Alex and Kondo, Chikako and Maeda, Munehiko and Hasegawa, Fumio and Kawano, Yukihiro},
	booktitle = SPARK,
	title = {{A Steady-State Model for Automated Sequence Generation in a Robotic Assembly System}},
	year = {2013}
}

@inproceedings{parkinson2012application,
	author = {Parkinson, Simon},
	booktitle = ICAPS,
	title = {{The Application of Automated Planning to Machine Tool Calibration}},
	year = {2012}
}

@inproceedings{rintanen2004phase,
	author = {Rintanen, Jussi and others},
	booktitle = ICAPS,
	title = {{Phase Transitions in Classical Planning: An Experimental Study}},
	year = {2004}
}

@inproceedings{Smith1993,
	author = {Smith, Stephen F and Cheng, Cheng-Chung},
	booktitle = AAAI,
	title = {{Slack-Based Heuristics for Constraint Satisfaction Scheduling}},
	year = {1993}
}

@inproceedings{Vidal2011,
	author = {Vidal, Vincent},
	booktitle = IPC,
	editor = {{Angel Garc{\i}a-Olaya}, SJ and L{\'o}pez, CL eds.},
	title = {{{CPT4}: An Optimal Temporal Planner Lost in a Planning Competition without Optimal Temporal Track}},
	year = {2011}
}

@inproceedings{Vidal2011a,
	author = {Vidal, Vincent},
	booktitle = IPC,
	editor = {{Angel Garc{\i}a-Olaya}, SJ and L{\'o}pez, CL eds.},
	title = {{{YAHSP2}: Keep it Simple, Stupid}},
	year = {2011}
}

@inproceedings{Vidal2014,
	author = {Vidal, Vincent},
	booktitle = IPC,
	editor = {Vallati, Mauro and Chrpa, Luk{\'a}{\v s} and McCluskey, Thomas L.},
	title = {{YAHSP3 and YAHSP3-MT in the 8th International Planning Competition}},
	year = {2014}
}

@inproceedings{Vidal2004,
	author = {Vidal, Vincent and others},
	booktitle = ICAPS,
	title = {{A Lookahead Strategy for Heuristic Search Planning}},
	year = {2004}
}

@inproceedings{valenzano2012arvandherd,
	author = {Valenzano, Richard Anthony and Nakhost, Hootan and M{\"u}ller, Martin and Schaeffer, Jonathan and Sturtevant, Nathan R.},
	booktitle = ECAI,
	title = {{ArvandHerd: Parallel Planning with a Portfolio}},
	year = {2012}
}

@inproceedings{cenamor2014ibacop,
	author = {Cenamor, Isabel and de la Rosa, Tom{\'a}s and Fern{\'a}ndez, Fernando},
	booktitle = IPC,
	title = {{IBACOP and IBACOP2 planner}},
	year = {2014}
}

@inproceedings{kelareva2007factored,
	author = {Kelareva, Elena and Buffet, Olivier and Huang, Jinbo and Thi{\'e}baux, Sylvie},
	booktitle = IJCAI,
	title = {{Factored Planning Using Decomposition Trees}},
	year = {2007}
}

@inproceedings{robinson2013query,
	author = {Robinson, Nathan and McIlraith, Sheila A and Toman, David},
	booktitle = SPARK,
	title = {{Query Optimization Revisited: An AI Planning Perspective}},
	year = 2013
}

@inproceedings{Asai2014b,
	address = {Portsmouth, NH},
	author = {Asai, Masataro and Fukunaga, Alex},
	booktitle = KEPS,
	month = {June},
	title = {{Applying Problem Decomposition to Extremely Large Planning Domains}},
	year = {2014}
}

@inproceedings{Vidal2006,
	author = {Vidal, Vincent and Tabary, S{\'e}bastien},
	booktitle = ICAPS,
	title = {{The New Version of {CPT}, an Optimal Temporal {POCL} Planner Based on Constraint Programming}},
	year = {2006}
}

@inproceedings{fukunaga2012iterative,
	author = {Fukunaga, Alex and Kishimoto, Akihiro and Botea, Adi},
	booktitle = AAAI,
	title = {{Iterative Resource Allocation for Memory Intensive Parallel Search Algorithms on Clouds, Grids, and Shared Clusters}},
	year = {2012}
}

@inproceedings{PommereningRHB14,
	author = {Pommerening, Florian and R{\"o}ger, Gabriele and Helmert, Malte and Bonet, Blai},
	booktitle = ICAPS,
	title = {{LP-Based Heuristics for Cost-Optimal Planning}},
	year = {2014}
}

@inproceedings{ImaiF14,
	author = {Imai, Tatsuya and Fukunaga, Alex},
	booktitle = ECAI,
	doi = {10.3233/978-1-61499-419-0-459},
	title = {{A Practical, Integer-Linear Programming Model for the Delete-Relaxation in Cost-Optimal Planning}},
	year = {2014}
}

@inproceedings{TolpinBSFK13,
	author = {Tolpin, David and Beja, Tal and Shimony, Solomon Eyal and Felner, Ariel and Karpas, Erez},
	booktitle = IJCAI,
	title = {{Toward Rational Deployment of Multiple Heuristics in {A}}},
	year = {2013}
}

@inproceedings{RogerH10,
	author = {R{\"o}ger, Gabriele and Helmert, Malte},
	booktitle = ICAPS,
	title = {{The More, the Merrier: Combining Heuristic Estimators for Satisficing Planning}},
	year = {2010}
}

@inproceedings{benton2010g,
	author = {Benton, J and Talamadupula, Kartik and Eyerich, Patrick and Mattm{\"u}ller, Robert and Kambhampati, Subbarao},
	booktitle = ICAPS,
	title = {{G-Value Plateaus: A Challenge for Planning}},
	year = {2010}
}

@inproceedings{cushing2010cost,
	author = {Cushing, William and Benton, J and Kambhampati, Subbarao},
	booktitle = SOCS,
	title = {{Cost Based Search Considered Harmful}},
	year = {2010}
}

@inproceedings{wilt2011cost,
	author = {Wilt, Christopher Makoto and Ruml, Wheeler},
	booktitle = SOCS,
	title = {{Cost-Based Heuristic Search is Sensitive to the Ratio of Operator Costs}},
	year = {2011}
}

@inproceedings{helmert2008unifying,
	author = {Helmert, Malte and Geffner, H{\'e}ctor},
	booktitle = ICAPS,
	title = {{Unifying the Causal Graph and Additive Heuristics}},
	year = {2008}
}

@inproceedings{edelkamp2001planning,
	author = {Edelkamp, Stefan},
	booktitle = ECP,
	title = {{Planning with Pattern Databases}},
	year = {2001}
}

@inproceedings{haslum2000admissible,
	author = {Haslum, Patrik and Geffner, H{\'e}ctor},
	booktitle = AIPS,
	title = {{Admissible Heuristics for Optimal Planning}},
	year = {2000}
}

@inproceedings{kuffner2000rrt,
	author = {Kuffner, James J and LaValle, Steven M},
	booktitle = IRCA,
	title = {{RRT-Connect: An Efficient Approach to Single-Query Path Planning}},
	year = {2000}
}

@inproceedings{jaillet2011eg,
	author = {Jaillet, L{\'e}onard and Hoffman, Judy and {Van den Berg}, Jur and Abbeel, Pieter and Porta, Josep M and Goldberg, Ken},
	booktitle = IROS,
	title = {{EG-RRT: Environment-Guided Random Trees for Kinodynamic Motion Planning with Uncertainty and Obstacles}},
	year = {2011}
}

@inproceedings{urmson2003approaches,
	author = {Urmson, Chris and Simmons, Reid G},
	booktitle = IROS,
	title = {{Approaches for Heuristically Biasing RRT Growth}},
	year = {2003}
}

@inproceedings{yang1994,
	author = {Yang, Qiang and Bai, Shuo and Qiu, Guiyou},
	booktitle = AIPS,
	title = {{A Framework for Automatic Problem Decomposition in Planning}},
	year = {1994}
}

@inproceedings{NewtonLFL2007,
	author = {Newton, M. H. and Levine, J. and Fox, Maria and Long, Derek},
	booktitle = ICAPS,
	title = {{Learning Macro-Actions for Arbitrary Planners and Domains}},
	year = 2007
}

@inproceedings{kautz1998blackbox,
	author = {Kautz, Henry and Selman, Bart},
	booktitle = {{AIPS98 Workshop on Planning as Combinatorial Search}},
	title = {{BLACKBOX: A New Approach to the Application of Theorem Proving to Problem Solving}},
	year = {1998}
}

@inproceedings{roberts2014evaluating,
	author = {Roberts, Mark and Howe, A and Ray, Indrajit},
	booktitle = ICAPS,
	title = {{Evaluating Diversity in Classical Planning}},
	year = {2014}
}

@inproceedings{domshlak2013symmetry,
	author = {Domshlak, Carmel and Katz, Michael and Shleyfman, Alexander},
	booktitle = ICAPS,
	title = {{Symmetry Breaking: Satisficing Planning and Landmark Heuristics}},
	year = {2013}
}

@inproceedings{pochter2011exploiting,
	author = {Pochter, Nir and Zohar, Aviv and Rosenschein, Jeffrey S},
	booktitle = AAAI,
	title = {{Exploiting Problem Symmetries in State-Based Planners}},
	year = {2011}
}

@inproceedings{helmert2008good,
	author = {Helmert, Malte and R{\"o}ger, Gabriele},
	booktitle = AAAI,
	title = {{How Good is Almost Perfect?}},
	year = {2008}
}

@inproceedings{helmert2006new,
	author = {Helmert, Malte},
	booktitle = ICAPS,
	title = {{New Complexity Results for Classical Planning Benchmarks}},
	year = {2006}
}

@inproceedings{helmert2006approximation,
	author = {Helmert, Malte and Mattm{\"u}ller, Robert and R{\"o}ger, Gabriele},
	booktitle = ECAI,
	title = {{Approximation Properties of Planning Benchmarks}},
	year = {2006}
}

@inproceedings{hogg2008htn,
	author = {Hogg, Chad and Mu{\~n}oz-Avila, H{\'e}ctor and Kuter, Ugur},
	booktitle = AAAI,
	title = {{HTN-MAKER: Learning HTNs with Minimal Additional Knowledge Engineering Required}},
	year = {2008}
}

@inproceedings{nejati2006learning,
	author = {Nejati, Negin and Langley, Pat and Konik, Tolga},
	booktitle = ICML,
	title = {{Learning Hierarchical Task Networks by Observation}},
	year = {2006}
}

@inproceedings{minton1985selectively,
	author = {Minton, Steven},
	booktitle = IJCAI,
	title = {{Selectively Generalizing Plans for Problem-Solving}},
	year = {1985}
}

@inproceedings{chen2009stratified,
	author = {Chen, Yixin and Xu, You and Yao, Guohui},
	booktitle = IJCAI,
	title = {{Stratified Planning}},
	year = {2009}
}

@inproceedings{brafman2006factored,
	author = {Brafman, Ronen I and Domshlak, Carmel},
	booktitle = AAAI,
	title = {{Factored Planning: How, When, and When Not}},
	year = {2006}
}

@inproceedings{amir2003factored,
	author = {Amir, Eyal and Engelhardt, Barbara},
	booktitle = IJCAI,
	title = {{Factored Planning}},
	year = {2003}
}

@inproceedings{jonsson2007role,
	author = {Jonsson, Anders},
	booktitle = IJCAI,
	title = {{The Role of Macros in Tractable Planning over Causal Graphs}},
	year = {2007}
}

@inproceedings{wang2014tburton,
	author = {Wang, David and Williams, Brian C},
	booktitle = IPC,
	title = {{tBurton: A Divide and Conquer Temporal Planner}},
	year = {2014}
}

@inproceedings{haslum2011gnome,
	author = {Haslum, Patrik},
	booktitle = SPARK,
	title = {{Computing Genome Edit Distances using Domain-Independent Planning}},
	year = {2011}
}

@inproceedings{karpas2012optimal,
	author = {Karpas, Erez and Domshlak, Carmel},
	booktitle = ICAPS,
	title = {{Optimal Search with Inadmissible Heuristics}},
	year = {2012}
}

@inproceedings{Coles04,
	author = {Coles, Andrew and Smith, Amanda},
	booktitle = IPC,
	note = {http://www.tzi.de/~edelkamp/ipc-4/IPC-4.pdf},
	title = {{Marvin: Macro Actions from Reduced Versions of the Instance}},
	year = {2004}
}

@inproceedings{FoxL99,
	author = {Fox, Maria and Long, Derek},
	booktitle = IJCAI,
	title = {{The Detection and Exploitation of Symmetry in Planning Problems}},
	year = 1999
}

@inproceedings{MarkovitchR92,
	author = {Markovitch, Shaul and Rosdeutscher, Irit},
	booktitle = {{Proceedings of the Workshop on Knowledge Compilation and Speedup Learning}},
	note = {Aberdeen, Scotland},
	title = {{Systematic Experimentation with Deductive Learning: Satisficing vs. Optimizing Search}},
	year = 1992
}

@inproceedings{FrancisR93,
	author = {{Anthony G. Francis}, Jr. and Ram, Ashwin},
	booktitle = {{Proceedings of the Workshop on Knowledge Compilation and Speedup Learning}},
	title = {{Computational Models of the Utility Problem and their Application to a Utility Analysis of Case-Based Reasoning}},
	year = 1993
}

@inproceedings{barker2015limitations,
	author = {Barker, Joseph K and Korf, Richard E.},
	booktitle = AAAI,
	title = {{Limitations of Front-to-End Bidirectional Heuristic Search}},
	year = {2015}
}

@inproceedings{chrpa2009reformulating,
	author = {Chrpa, Luk{\'a}{\v s} and Bart{\'a}k, Roman},
	booktitle = SARA,
	title = {{Reformulating Planning Problems by Eliminating Unpromising Actions}},
	year = {2009}
}

@inproceedings{alcazar2013revisiting,
	author = {Alc{\'a}zar, Vidal and Borrajo, Daniel and Fern{\'a}ndez, Susana and Fuentetaja, Raquel},
	booktitle = IJCAI,
	title = {{Revisiting Regression in Planning}},
	year = {2013}
}

@inproceedings{schulte2014balancing,
	author = {Schulte, Tim and Keller, Thomas},
	booktitle = SOCS,
	title = {{Balancing Exploration and Exploitation in Classical Planning}},
	year = {2014}
}

@inproceedings{richter2008landmarks,
	author = {Richter, Silvia and Helmert, Malte and Westphal, Matthias},
	booktitle = AAAI,
	title = {{Landmarks Revisited}},
	year = {2008}
}

@inproceedings{Valenzano2016,
	author = {Valenzano, Richard Anthony and Xie, Fan},
	booktitle = AAAI,
	title = {{On the Completeness of Best‐First Search Variants that Use Random Exploration}},
	year = {2016}
}

@inproceedings{wehrle2013relative,
	author = {Wehrle, Martin and Helmert, Malte and Alkhazraji, Yusra and Mattm{\"u}ller, Robert},
	booktitle = ICAPS,
	title = {{The Relative Pruning Power of Strong Stubborn Sets and Expansion Core}},
	year = {2013}
}

@inproceedings{wehrle2014efficient,
	author = {Wehrle, Martin and Helmert, Malte},
	booktitle = ICAPS,
	title = {{Efficient Stubborn Sets: Generalized Algorithms and Selection Strategies}},
	year = {2014}
}

@inproceedings{pohl1973avoidance,
	author = {Pohl, Ira},
	booktitle = IJCAI,
	title = {{The Avoidance of (Relative) Catastrophe, Heuristic Competence, Genuine Dynamic Weighting and Computational Issues in Heuristic Problem Solving}},
	year = {1973}
}

@inproceedings{thayer2009using,
	author = {Thayer, Jordan Tyler and Ruml, Wheeler},
	booktitle = ICAPS,
	title = {{Using Distance Estimates in Heuristic Search}},
	year = {2009}
}

@inproceedings{thayer2011bounded,
	author = {Thayer, Jordan Tyler and Ruml, Wheeler},
	booktitle = IJCAI,
	title = {{Bounded Suboptimal Search: A Direct Approach using Inadmissible Estimates}},
	year = {2011}
}

@inproceedings{eyerich2009using,
	author = {Eyerich, Patrick and Mattm{\"u}ller, Robert and R{\"o}ger, Gabriele},
	booktitle = ICAPS,
	title = {{Using the Context-Enhanced Additive Heuristic for Temporal and Numeric Planning}},
	year = {2009}
}

@inproceedings{korf1999divide,
	author = {Korf, Richard E.},
	booktitle = IJCAI,
	title = {{Divide-and-Conquer Bidirectional Search: First Results}},
	year = {1999}
}

@inproceedings{korf2000divide,
	author = {Korf, Richard E. and Zhang, Weixiong},
	booktitle = AAAI,
	title = {{Divide-and-Conquer Frontier Search Applied to Optimal Sequence Alignment}},
	year = {2000}
}

@inproceedings{gerevini2006preferences,
	author = {Gerevini, Alfonso and Long, Derek},
	booktitle = {{ICAPS Workshop on Planning with Preferences and Soft Constraints}},
	pages = {46--53},
	title = {{Preferences and Soft Constraints in PDDL3}},
	year = {2006}
}

@inproceedings{wray2015multi,
	author = {Wray, Kyle Hollins and Zilberstein, Shlomo and Mouaddib, Abdel-Illah},
	booktitle = AAAI,
	pages = {3418--3424},
	title = {{Multi-Objective MDPs with Conditional Lexicographic Reward Preferences}},
	year = {2015}
}

@inproceedings{aghighi2015,
	author = {Aghighi, Meysam and B{\"a}ckstr{\"o}m, Christer},
	booktitle = IJCAI,
	title = {{Cost-Optimal and Net-Benefit Planning--A Parameterised Complexity View}},
	year = {2015}
}

@inproceedings{aghighi2016,
	author = {Aghighi, Meysam and B{\"a}ckstr{\"o}m, Christer},
	booktitle = ICAPS,
	title = {{A Multi-Parameter Complexity Analysis of Cost-Optimal and Net-Benefit Planning}},
	year = {2016}
}

@inproceedings{kautz1992planning,
	author = {Kautz, Henry A and Selman, Bart},
	booktitle = ECAI,
	pages = {359--363},
	title = {{Planning as Satisfiability.}},
	volume = {92},
	year = {1992}
}

@inproceedings{richter2011lama,
	author = {Richter, Silvia and Westphal, Matthias and Helmert, Malte},
	booktitle = IPC,
	pages = {117--124},
	title = {{LAMA 2008 and 2011}},
	year = {2011}
}

@unpublished{ip-CC,
	author = {Monnerot-Dumaine, Alexis},
	month = {September},
	title = {{\url{https://commons.wikimedia.org/wiki/File:Amas\_de\_percolation.png} {(CC BY-SA 3.0)}}},
	year = {2006}
}

@inproceedings{kocsis2006bandit,
	author = {Kocsis, Levente and Szepesv{\'a}ri, Csaba},
	booktitle = ECML,
	organization = {Springer},
	pages = {282--293},
	title = {{Bandit Based Monte-Carlo Planning}},
	year = {2006}
}

@inproceedings{kingma2014semi,
	author = {Kingma, Diederik P and Mohamed, Shakir and Rezende, Danilo Jimenez and Welling, Max},
	booktitle = NIPS,
	pages = {3581--3589},
	title = {{Semi-Supervised Learning with Deep Generative Models}},
	year = {2014}
}

@inproceedings{MouraoZPS12,
	author = {Mour{\~a}o, Kira and Zettlemoyer, Luke S. and Petrick, Ronald P. A. and Steedman, Mark},
	booktitle = UAI,
	pages = {614--623},
	title = {{Learning {STRIPS} Operators from Noisy and Incomplete Observations}},
	year = {2012}
}

@inproceedings{KonidarisKL14,
	author = {Konidaris, George and Kaelbling, Leslie Pack and Lozano{-}P{\'e}rez, Tom{\'a}s},
	booktitle = AAAI,
	pages = {1932--1938},
	title = {{Constructing Symbolic Representations for High-Level Planning}},
	year = {2014}
}

@inproceedings{KonidarisKL15,
	author = {Konidaris, George and Kaelbling, Leslie Pack and Lozano{-}P{\'e}rez, Tom{\'a}s},
	booktitle = IJCAI,
	pages = {3619--3627},
	title = {{Symbol Acquisition for Probabilistic High-Level Planning}},
	year = {2015}
}

@inproceedings{bieszczad2015neurosolver,
	author = {Bieszczad, Andrzej and Kuchar, Skyler},
	booktitle = IJCCI,
	organization = {IEEE},
	pages = {28--38},
	title = {{Neurosolver Learning to Solve Towers of Hanoi Puzzles}},
	volume = {3},
	year = {2015}
}

@inproceedings{Asai2017b,
	address = {Pittsburgh, USA},
	author = {Asai, Masataro and Fukunaga, Alex},
	booktitle = ICAPS,
	month = {June},
	title = {{Exploration Among and Within Plateaus in Greedy Best-First Search}},
	year = {2017}
}

@inproceedings{vincent2008extracting,
	author = {Vincent, Pascal and Larochelle, Hugo and Bengio, Yoshua and Manzagol, Pierre-Antoine},
	booktitle = ICML,
	organization = {ACM},
	pages = {1096--1103},
	title = {{Extracting and Composing Robust Features with Denoising Autoencoders}},
	year = {2008}
}

@inproceedings{Reinefeld93,
	author = {Reinefeld, Alexander},
	booktitle = IJCAI,
	pages = {248--253},
	title = {{Complete Solution of the Eight-Puzzle and the Benefit of Node Ordering in {IDA*}}},
	year = {1993}
}

@inproceedings{BarbuNS10,
	author = {Barbu, Andrei and Narayanaswamy, Siddharth and Siskind, Jeffrey Mark},
	booktitle = ICRA,
	doi = {10.1109/ROBOT.2010.5509925},
	pages = {1879--1886},
	title = {{Learning Physically-Instantiated Game Play through Visual Observation}},
	year = {2010}
}

@inproceedings{Kaiser12,
	author = {Kaiser, Lukasz},
	booktitle = AAAI,
	title = {{Learning Games from Videos Guided by Descriptive Complexity}},
	year = {2012}
}

@inproceedings{luck2014latent,
	author = {Luck, Kevin Sebastian and Neumann, Gerhard and Berger, Erik and Peters, Jan and Amor, Heni Ben},
	booktitle = IROS,
	organization = {IEEE},
	pages = {1434--1440},
	title = {{Latent Space Policy Search for Robotics}},
	year = {2014}
}

@inproceedings{sievers2012efficient,
	author = {Sievers, Silvan and Ortlieb, Manuela and Helmert, Malte},
	booktitle = SOCS,
	title = {{Efficient Implementation of Pattern Database Heuristics for Classical Planning.}},
	year = {2012}
}

@inproceedings{konidaris2009efficient,
	author = {Konidaris, George and Barto, Andrew G},
	booktitle = IJCAI,
	pages = {1107--1112},
	title = {{Efficient Skill Learning using Abstraction Selection.}},
	volume = {9},
	year = {2009}
}

@inproceedings{konidaris2009skill,
	author = {Konidaris, George and Barto, Andrew G},
	booktitle = NIPS,
	pages = {1015--1023},
	title = {{Skill Discovery in Continuous Reinforcement Learning Domains using Skill Chaining}},
	year = {2009}
}

@inproceedings{phillips2014pa,
	author = {Phillips, Mike and Likhachev, Maxim and Koenig, Sven},
	booktitle = ICAPS,
	title = {{{PA* SE}: Parallel {A*} for Slow Expansions.}},
	year = {2014}
}

@inproceedings{botea2013multi,
	author = {Botea, Adi and Nikolova, Evdokia and Berlingerio, Michele},
	booktitle = ICAPS,
	title = {{Multi-Modal Journey Planning in the Presence of Uncertainty.}},
	year = {2013}
}

@inproceedings{kishimoto2016combining,
	author = {Kishimoto, Akihiro and Botea, Adi and Daly, Elizabeth},
	booktitle = ECAI,
	organization = {IOS Press},
	pages = {295},
	title = {{Combining Deterministic and Nondeterministic Search for Optimal Journey Planning Under Uncertainty}},
	volume = {285},
	year = {2016}
}

@inproceedings{haslum2001heuristic,
	author = {Haslum, Patrik and Geffner, H{\'e}ctor},
	booktitle = ECP,
	title = {{Heuristic Planning with Time and Resources}},
	year = {2001}
}

@inproceedings{yoshizumi2000partial,
	author = {Yoshizumi, Takayuki and Miura, Teruhisa and Ishida, Toru},
	booktitle = AAAI,
	pages = {923--929},
	title = {{A* with Partial Expansion for Large Branching Factor Problems.}},
	year = {2000}
}

@inproceedings{BoteaB2015,
	author = {Botea, A. and Braghin, S.},
	booktitle = ICAPS,
	pages = {268--272},
	title = {{Contingent versus Deterministic Plans in Multi-Modal Journey Planning}},
	year = 2015
}

@inproceedings{KishimotoN2016,
	author = {Kishimoto, A. and Nagano, K.},
	booktitle = ICAPS,
	pages = {495--503},
	title = {{Evaluation of Auction-Based Multi-Robot Routing by Parallel Simulation}},
	year = 2016
}

@inproceedings{KishimotoS2008,
	author = {Kishimoto, A and Sturtevant:, N.},
	booktitle = AAMAS,
	pages = {1585--1588},
	title = {{Optimized Algorithms for Multi-Agent Routing}},
	year = 2008
}

@inproceedings{lake2013one,
	author = {Lake, Brenden M and Salakhutdinov, Ruslan R and Tenenbaum, Josh},
	booktitle = NIPS,
	pages = {2526--2534},
	title = {{One-shot learning by inverting a compositional causal process}},
	year = {2013}
}

@inproceedings{bonet2013admissible,
	author = {Bonet, Blai},
	booktitle = IJCAI,
	title = {{An Admissible Heuristic for SAS+ Planning Obtained from the State Equation.}},
	year = {2013}
}

@inproceedings{RichterH2009,
	author = {Richter, S. and Helmert, M.},
	booktitle = ICAPS,
	pages = {273--280},
	title = {{Preferred Operators and Deferred Evaluation in Satisficing Planning}},
	year = 2009
}

@inproceedings{SturtevantTTUKS15,
	author = {Sturtevant, Nathan R. and Traish, Jason M. and Tulip, James R. and Uras, Tansel and Koenig, Sven and Strasser, Ben and Botea, Adi and Harabor, Daniel and Rabin, Steve},
	booktitle = SOCS,
	pages = {241--251},
	title = {{The Grid-Based Path Planning Competition: 2014 Entries and Results}},
	year = 2015
}

@inproceedings{helmert2007flexible,
	author = {Helmert, Malte and Haslum, Patrik and Hoffmann, J{\"o}rg},
	booktitle = ICAPS,
	pages = {176--183},
	title = {{Flexible Abstraction Heuristics for Optimal Sequential Planning}},
	year = {2007}
}

@inproceedings{xie14ipc,
	author = {Xie, Fan and M{\"u}ller, Martin and Holte},
	booktitle = IPC,
	pages = {39--42},
	title = {{Jasper: The Art of Exploration in Greedy Best-First Search}},
	year = 2014
}

@inproceedings{rieffel2014parametrized,
	author = {Rieffel, Eleanor G and Venturelli, Davide and Do, Minh and Hen, Itay and Frank, Jeremy},
	booktitle = AAAI,
	pages = {2337--2343},
	title = {{Parametrized Families of Hard Planning Problems from Phase Transitions.}},
	year = {2014}
}

@inproceedings{lipovetzky2012width,
	author = {Lipovetzky, Nir and Geffner, H{\'e}ctor},
	booktitle = ECAI,
	pages = {20th},
	title = {{Width and Serialization of Classical Planning Problems.}},
	volume = {2012},
	year = {2012}
}

@inproceedings{CresswellG11,
	author = {Cresswell, Stephen and Gregory, Peter},
	booktitle = ICAPS,
	title = {{Generalised Domain Model Acquisition from Action Traces}},
	year = 2011
}

@inproceedings{GregoryC15,
	author = {Gregory, Peter and Cresswell, Stephen},
	booktitle = ICAPS,
	pages = {97--105},
	title = {{Domain Model Acquisition in the Presence of Static Relations in the {LOP} System}},
	year = 2015
}

@inproceedings{salimans2016improved,
	author = {Salimans, Tim and Goodfellow, Ian and Zaremba, Wojciech and Cheung, Vicki and Radford, Alec and Chen, Xi},
	booktitle = NIPS,
	pages = {2226--2234},
	title = {{Improved Techniques for Training Gans}},
	year = {2016}
}

@inproceedings{yuen2011survey,
	author = {Yuen, Man-Ching and King, Irwin and Leung, Kwong-Sak},
	booktitle = {{Privacy, Security, Risk and Trust (PASSAT) and 2011 IEEE Third Inernational Conference on Social Computing (SocialCom), 2011 IEEE Third International Conference on}},
	organization = {IEEE},
	pages = {766--773},
	title = {{A Survey of Crowdsourcing Systems}},
	year = {2011}
}

@inproceedings{maddison2014sampling,
	author = {Maddison, Chris J and Tarlow, Daniel and Minka, Tom},
	booktitle = NIPS,
	pages = {3086--3094},
	title = {{A* sampling}},
	year = {2014}
}

@inproceedings{Helmert04,
	author = {Helmert, Malte},
	booktitle = ICAPS,
	pages = {161--170},
	title = {{A Planning Heuristic Based on Causal Graph Analysis}},
	year = {2004}
}

@inproceedings{robinson2014query,
	author = {Robinson, Nathan and McIlraith, Sheila A and Toman, David},
	booktitle = AAAI,
	title = {{Cost-Based Query Optimization via AI Planning}},
	year = {2014}
}

@inproceedings{coles2007new,
	author = {Coles, Andrew and Fox, Maria and Smith, Amanda},
	booktitle = ICAPS,
	pages = {89--96},
	title = {{A New Local-Search Algorithm for Forward-Chaining Planning.}},
	year = {2007}
}

@inproceedings{cohen2017problem,
	author = {Cohen, Eldan and Beck, J Christopher},
	booktitle = AAAI,
	title = {{Problem Difficulty and the Phase Transition in Heuristic Search}},
	year = {2017}
}

@inproceedings{velloso2008percolation,
	author = {Velloso, Bruno Panerai and Roisemberg, Mauro},
	booktitle = {{Proc. ACM Symposium on Applied Computing}},
	organization = {ACM},
	pages = {1861--1865},
	title = {{Percolation Analyses in a Swarm Based Algorithm for Shortest-Path Finding}},
	year = {2008}
}

@inproceedings{lindsay2017framer,
	author = {Lindsay, Alan and Read, Jonathon and Ferreira, Joao F and Hayton, Thomas and Porteous, Julie and Gregory, Peter J},
	booktitle = ICAPS,
	title = {{Framer: Planning Models from Natural Language Action Descriptions}},
	year = {2017}
}

@inproceedings{elkan2008learning,
	author = {Elkan, Charles and Noto, Keith},
	booktitle = SIGKDD,
	organization = {ACM},
	pages = {213--220},
	title = {{Learning Classifiers from Only Positive and Unlabeled Data}},
	year = {2008}
}

@inproceedings{frances2017purely,
	author = {Frances, Guillem and Ram{\i}rez, Miquel and Lipovetzky, Nir and Geffner, Hector},
	booktitle = IJCAI,
	pages = {4294--4301},
	title = {{Purely Declarative Action Representations are Overrated: Classical Planning with Simulators}},
	year = {2017}
}

@inproceedings{minato1993zero,
	author = {Minato, Shin-ichi},
	booktitle = {{Proceedings of the 30th International Design Automation Conference}},
	organization = {ACM},
	pages = {272--277},
	title = {{Zero-suppressed BDDs for Set Manipulation in Combinatorial Problems}},
	year = {1993}
}

@inproceedings{haslum2007reducing,
	author = {Haslum, Patrik},
	booktitle = IJCAI,
	pages = {1898--1903},
	title = {{Reducing Accidental Complexity in Planning Problems.}},
	year = {2007}
}

@unpublished{lightsout,
	author = {{Wikipedia}},
	note = {\url{https://en.wikipedia.org/w/index.php?title=Lights\_Out\_(game)\&oldid=843196564}},
	title = {{Lights Out (game)}},
	year = {2018}
}

@inproceedings{johnson2017clevr,
	author = {Johnson, Justin and Hariharan, Bharath and van der Maaten, Laurens and Fei-Fei, Li and Zitnick, C Lawrence and Girshick, Ross},
	booktitle = CVPR,
	organization = {IEEE},
	pages = {1988--1997},
	title = {{CLEVR: A Diagnostic Dataset for Compositional Language and Elementary Visual Reasoning}},
	year = {2017}
}

@inproceedings{le1989handwritten,
	author = {{Le Cun}, Yan and Boser, B and Denker, JS and Henderson, D and Howard, RE and Hubbard, W and Jackel, LD},
	booktitle = NIPS,
	organization = {MIT Press},
	pages = {396--404},
	title = {{Handwritten Digit Recognition with a Back-Propagation Network}},
	year = {1989}
}

@inproceedings{szegedy2015going,
	author = {Szegedy, Christian and Liu, Wei and Jia, Yangqing and Sermanet, Pierre and Reed, Scott and Anguelov, Dragomir and Erhan, Dumitru and Vanhoucke, Vincent and Rabinovich, Andrew},
	booktitle = CVPR,
	pages = {1--9},
	title = {{Going Deeper with Convolutions}},
	year = {2015}
}

@inproceedings{he2016deep,
	author = {He, Kaiming and Zhang, Xiangyu and Ren, Shaoqing and Sun, Jian},
	booktitle = CVPR,
	pages = {770--778},
	title = {{Deep Residual Learning for Image Recognition}},
	year = {2016}
}

@inproceedings{li2015hierarchical,
	author = {Li, Jiwei and Luong, Minh-Thang and Jurafsky, Dan},
	booktitle = ACL,
	title = {{A Hierarchical Neural Autoencoder for Paragraphs and Documents}},
	year = {2015}
}

@inproceedings{deng2010binary,
	author = {Deng, Li and Seltzer, Michael L and Yu, Dong and Acero, Alex and Mohamed, Abdel-rahman and Hinton, Geoffrey E},
	booktitle = {{Interspeech}},
	organization = {Citeseer},
	pages = {1692--1695},
	title = {{Binary Coding of Speech Spectrograms using a Deep Auto-Encoder}},
	year = {2010}
}

@inproceedings{deng2009imagenet,
	author = {Deng, Jia and Dong, Wei and Socher, Richard and Li, Li-Jia and Li, Kai and Fei-Fei, Li},
	booktitle = CVPR,
	organization = {IEEE},
	pages = {248--255},
	title = {{ImageNet: A Large-Scale Hierarchical Image Database}},
	year = {2009}
}

@inproceedings{ren2015faster,
	author = {Ren, Shaoqing and He, Kaiming and Girshick, Ross and Sun, Jian},
	booktitle = NIPS,
	pages = {91--99},
	title = {{Faster R-CNN: Towards Real-time Object Detection with Region Proposal Networks}},
	year = {2015}
}

@inproceedings{deng2013new,
	author = {Deng, Li and Hinton, Geoffrey and Kingsbury, Brian},
	booktitle = ICASSP,
	organization = {IEEE},
	pages = {8599--8603},
	title = {{New Types of Deep Neural Network Learning for Speech Recognition and Related Applications: An Overview}},
	year = {2013}
}

@article{kingma2014adam,
	author = {Kingma, Diederik and Ba, Jimmy},
	journal = {arXiv preprint arXiv:1412.6980},
	title = {{Adam: A Method for Stochastic Optimization}},
	year = {2014}
}

@inproceedings{kingma2013auto,
	author = {Kingma, Diederik P and Welling, Max},
	booktitle = ICLR,
	title = {{Auto-Encoding Variational Bayes}},
	year = {2013}
}

@inproceedings{goodfellow2014generative,
	author = {Goodfellow, Ian and Pouget-Abadie, Jean and Mirza, Mehdi and Xu, Bing and Warde-Farley, David and Ozair, Sherjil and Courville, Aaron and Bengio, Yoshua},
	booktitle = NIPS,
	pages = {2672--2680},
	title = {{Generative Adversarial Nets}},
	year = {2014}
}

@inproceedings{makhzani2015adversarial,
	author = {Makhzani, Alireza and Shlens, Jonathon and Jaitly, Navdeep and Goodfellow, Ian and Frey, Brendan},
	booktitle = ICLR,
	title = {{Adversarial Autoencoders}},
	year = {2016}
}

@inproceedings{jang2016categorical,
	author = {Jang, Eric and Gu, Shixiang and Poole, Ben},
	booktitle = ICLR,
	title = {{Categorical Reparameterization with Gumbel-Softmax}},
	year = {2017}
}

@inproceedings{MaddisonMT17,
	author = {Maddison, Chris J. and Mnih, Andriy and Teh, Yee Whye},
	booktitle = ICLR,
	title = {{The Concrete Distribution: A Continuous Relaxation of Discrete Random Variables}},
	year = {2017}
}

@inproceedings{srivastava2015unsupervised,
	author = {Srivastava, Nitish and Mansimov, Elman and Salakhudinov, Ruslan},
	booktitle = ICML,
	pages = {843--852},
	title = {{Unsupervised Learning of Video Representations using LSTMs}},
	year = {2015}
}

@inproceedings{redmon2016you,
	author = {Redmon, Joseph and Divvala, Santosh and Girshick, Ross and Farhadi, Ali},
	booktitle = CVPR,
	pages = {779--788},
	title = {{You Only Look Once: Unified, Real-Time Object Detection}},
	year = {2016}
}

@inproceedings{bahdanau2017neural,
	author = {Bahdanau, Dzmitry and Cho, KyungHyun and Bengio, Yoshua},
	booktitle = ICLR,
	title = {{Neural Machine Translation by Jointly Learning to Align and Translate}},
	year = {2015}
}

@inproceedings{mnih2014recurrent,
	author = {Mnih, Volodymyr and Heess, Nicolas and Graves, Alex},
	booktitle = NIPS,
	pages = {2204--2212},
	title = {{Recurrent Models of Visual Attention}},
	year = {2014}
}

@inproceedings{xu2015show,
	author = {Xu, Kelvin and Ba, Jimmy and Kiros, Ryan and Cho, Kyunghyun and Courville, Aaron and Salakhudinov, Ruslan and Zemel, Rich and Bengio, Yoshua},
	booktitle = ICML,
	pages = {2048--2057},
	title = {{Show, attend and tell: Neural image caption generation with visual attention}},
	year = {2015}
}

@inproceedings{hudson2018compositional,
	author = {Hudson, Drew A and Manning, Christopher D},
	booktitle = ICLR,
	title = {{Compositional Attention Networks for Machine Reasoning}},
	year = {2018}
}

@inproceedings{rastegari2016xnor,
	author = {Rastegari, Mohammad and Ordonez, Vicente and Redmon, Joseph and Farhadi, Ali},
	booktitle = ECCV,
	organization = {Springer},
	pages = {525--542},
	title = {{XNOR-net: Imagenet Classification using Binary Convolutional Neural Networks}},
	year = {2016}
}

@inproceedings{courbariaux2015binaryconnect,
	author = {Courbariaux, Matthieu and Bengio, Yoshua and David, Jean-Pierre},
	booktitle = NIPS,
	pages = {3123--3131},
	title = {{Binaryconnect: Training deep neural networks with binary weights during propagations}},
	year = {2015}
}

@inproceedings{sutskever2009using,
	author = {Sutskever, Ilya and Hinton, Geoffrey E},
	booktitle = NIPS,
	pages = {1593--1600},
	title = {{Using matrices to model symbolic relationship}},
	year = {2009}
}

@inproceedings{zambaldi2018relational,
	author = {Zambaldi, Vinicius and Raposo, David and Santoro, Adam and Bapst, Victor and Li, Yujia and Babuschkin, Igor and Tuyls, Karl and Reichert, David and Lillicrap, Timothy and Lockhart, Edward and others},
	booktitle = ICLR,
	title = {{Deep Reinforcement Learning with Relational Inductive Biases}},
	year = {2019}
}

@article{battaglia2018relational,
	author = {Battaglia, Peter W and Hamrick, Jessica B and Bapst, Victor and Sanchez-Gonzalez, Alvaro and Zambaldi, Vinicius and Malinowski, Mateusz and Tacchetti, Andrea and Raposo, David and Santoro, Adam and Faulkner, Ryan and others},
	journal = {arXiv preprint arXiv:1806.01261},
	title = {{Relational inductive biases, deep learning, and graph networks}},
	year = {2018}
}

@inproceedings{van2018relational,
	author = {van Steenkiste, Sjoerd and Chang, Michael and Greff, Klaus and Schmidhuber, J{\"u}rgen},
	journal = ICLR,
	title = {{Relational Neural Expectation Maximization: Unsupervised Discovery of Objects and their Interactions}},
	year = {2018}
}

@inproceedings{santoro2017simple,
	author = {Santoro, Adam and Raposo, David and Barrett, David G and Malinowski, Mateusz and Pascanu, Razvan and Battaglia, Peter and Lillicrap, Tim},
	booktitle = NIPS,
	pages = {4967--4976},
	title = {{A Simple Neural Network Module for Relational Reasoning}},
	year = {2017}
}

@article{guttenberg2016permutation,
	author = {Guttenberg, Nicholas and Virgo, Nathaniel and Witkowski, Olaf and Aoki, Hidetoshi and Kanai, Ryota},
	journal = {arXiv preprint arXiv:1612.04530},
	title = {{Permutation-Equivariant Neural Networks Applied to Dynamics Prediction}},
	year = {2016}
}

@article{ravanbakhsh2016deep,
	author = {Ravanbakhsh, Siamak and Schneider, Jeff and Poczos, Barnabas},
	journal = {arXiv preprint arXiv:1611.04500},
	title = {{Deep Learning with Sets and Point Clouds}},
	year = {2016}
}

@inproceedings{zaheer2017deep,
	author = {Zaheer, Manzil and Kottur, Satwik and Ravanbakhsh, Siamak and Poczos, Barnabas and Salakhutdinov, Ruslan R and Smola, Alexander J},
	booktitle = NIPS,
	pages = {3391--3401},
	title = {{Deep Sets}},
	year = {2017}
}

@article{probst2018set,
	author = {Probst, Malte},
	note = {A rejected submission to ICLR2018.},
	title = {{The Set Autoencoder: Unsupervised Representation Learning for Sets}},
	year = {2018}
}

@article{adams2011ranking,
	author = {Adams, Ryan Prescott and Zemel, Richard S},
	journal = {arXiv preprint arXiv:1106.1925},
	title = {{Ranking via Sinkhorn Propagation}},
	year = {2011}
}

@inproceedings{santa2017deeppermnet,
	author = {{Santa Cruz}, Rodrigo and Fernando, Basura and Cherian, Anoop and Gould, Stephen},
	booktitle = CVPR,
	organization = {IEEE},
	pages = {6044--6052},
	title = {{DeepPermNet: Visual Permutation Learning}},
	year = {2017}
}

@inproceedings{mena2018learning,
	author = {Mena, Gonzalo and Belanger, David and Linderman, Scott and Snoek, Jasper},
	booktitle = ICLR,
	title = {{Learning Latent Permutations with Gumbel-Sinkhorn Networks}},
	year = {2018}
}

@inproceedings{dubuisson1994modified,
	author = {Dubuisson, M-P and Jain, Anil K},
	booktitle = ICPR,
	organization = {IEEE},
	pages = {566--568},
	title = {{A Modified Hausdorff Distance for Object Matching}},
	year = {1994}
}

@inproceedings{piramuthu1999hausdorff,
	author = {Piramuthu, Selwyn},
	booktitle = {{Systems Sciences, 1999. HICSS-32. Proceedings of the 32nd Annual Hawaii International Conference on}},
	organization = {IEEE},
	pages = {6--pp},
	title = {{The Hausdorff Distance Measure for Feature Selection in Learning Applications}},
	year = {1999}
}

@inproceedings{mao2017s2jsd,
	author = {Mao, Xianling and Feng, Bo-Si and Hao, Yi-Jing and Nie, Liqiang and Huang, Heyan and Wen, Guihua},
	booktitle = AAAI,
	pages = {3244--3251},
	title = {{S2JSD-LSH: A Locality-Sensitive Hashing Schema for Probability Distributions.}},
	year = {2017}
}

@article{bouchard2015approximate,
	author = {Bouchard, Guillaume and Singh, Sameer and Trouillon, Theo},
	journal = {AAAI Spring Syposium on Knowledge Representation and Reasoning (KRR): Integrating Symbolic and Neural Approaches},
	title = {{On Approximate Reasoning Capabilities of Low-Rank Vector Spaces}},
	year = {2015}
}

@techreport{shapenet2015,
	author = {Chang, Angel X. and Funkhouser, Thomas and Guibas, Leonidas and Hanrahan, Pat and Huang, Qixing and Li, Zimo and Savarese, Silvio and Savva, Manolis and Song, Shuran and Su, Hao and Xiao, Jianxiong and Yi, Li and Yu, Fisher},
	institution = {Stanford University --- Princeton University --- Toyota Technological Institute at Chicago},
	number = {arXiv:1512.03012 [cs.GR]},
	title = {{ShapeNet: An Information-Rich 3D Model Repository}},
	year = {2015}
}

@inproceedings{indyk1998approximate,
	author = {Indyk, Piotr and Motwani, Rajeev},
	booktitle = {{Proceedings of the Thirtieth Annual ACM Symposium on Theory of Computing}},
	organization = {ACM},
	pages = {604--613},
	title = {{Approximate Nearest Neighbors: Towards Removing the Curse of Dimensionality}},
	year = {1998}
}

@inproceedings{vinyals2016order,
	author = {Vinyals, Oriol and Bengio, Samy and Kudlur, Manjunath},
	booktitle = ICLR,
	title = {{Order Matters: Sequence to Sequence for Sets}},
	year = {2016}
}

@inproceedings{manhaeve2018deepproblog,
	author = {Manhaeve, Robin and Duman{\v c}i{\'c}, Sebastijan and Kimmig, Angelika and Demeester, Thomas and {De Raedt}, Luc},
	booktitle = NIPS,
	title = {{DeepProbLog: Neural Probabilistic Logic Programming}},
	year = {2018}
}

@article{campero2018logical,
	author = {Campero, Andres and Pareja, Aldo and Klinger, Tim and Tenenbaum, Josh and Riedel, Sebastian},
	journal = {arXiv preprint arXiv:1809.02193},
	title = {{Logical Rule Induction and Theory Learning Using Neural Theorem Proving}},
	year = {2018}
}

@inproceedings{rocktaschel2017end,
	author = {Rockt{\"a}schel, Tim and Riedel, Sebastian},
	booktitle = NIPS,
	editor = {Guyon, I. and Luxburg, U. V. and Bengio, S. and Wallach, H. and Fergus, R. and Vishwanathan, S. and Garnett, R.},
	pages = {3788--3800},
	publisher = {Curran Associates, Inc.},
	title = {{End-to-end Differentiable Proving}},
	year = {2017}
}

@inproceedings{keller2013trial,
	author = {Keller, Thomas and Helmert, Malte},
	booktitle = ICAPS,
	title = {{Trial-Based Heuristic Tree Search for Finite Horizon MDPs.}},
	year = {2013}
}

@inproceedings{lelis2013stratified,
	author = {Lelis, Levi HS and Zilles, Sandra and Holte, Robert C},
	booktitle = AAMAS,
	organization = {International Foundation for Autonomous Agents and Multiagent Systems},
	pages = {555--562},
	title = {{Stratified Tree Search: A Novel Suboptimal Heuristic Search Algorithm}},
	year = {2013}
}

@inproceedings{lipovetzky2017bwfs,
	author = {Lipovetzky, Nir},
	booktitle = AAAI,
	title = {{Best-First Width Search: Exploration and Exploitation in Classical Planning }},
	year = {2017}
}

@article{garnelo2016towards,
	author = {Garnelo, Marta and Arulkumaran, Kai and Shanahan, Murray},
	journal = {arXiv preprint arXiv:1609.05518},
	title = {{Towards Deep Symbolic Reinforcement Learning}},
	year = {2016}
}

@article{minton1990quantitative,
	author = {Minton, Steven},
	journal = AIJ,
	number = {2},
	pages = {363--391},
	publisher = {Elsevier},
	title = {{Quantitative Results Concerning the Utility of Explanation-Based Learning}},
	volume = {42},
	year = {1990}
}

@article{sacerdoti1974planning,
	author = {Sacerdoti, Earl D},
	journal = AIJ,
	number = {2},
	pages = {115--135},
	publisher = {Elsevier},
	title = {{Planning in a Hierarchy of Abstraction Spaces}},
	volume = {5},
	year = {1974}
}

@article{rintanen2012planning,
	author = {Rintanen, Jussi},
	journal = AIJ,
	pages = {45--86},
	publisher = {Elsevier},
	title = {{Planning as Satisfiability: Heuristics}},
	volume = {193},
	year = {2012}
}

@article{vitter1985random,
	author = {Vitter, Jeffrey S},
	journal = {ACM Transactions on Mathematical Software (TOMS)},
	number = {1},
	pages = {37--57},
	publisher = {ACM},
	title = {{Random Sampling with a Reservoir}},
	volume = {11},
	year = {1985}
}

@incollection{siddiqui2012block,
	author = {Siddiqui, Fazlul Hasan and Haslum, Patrik},
	booktitle = {{AI 2012: Advances in Artificial Intelligence}},
	pages = {803--814},
	publisher = {Springer},
	title = {{Block-Structured Plan Deordering}},
	year = {2012}
}

@article{FikesHN72,
	author = {Fikes, Richard E and Hart, Peter E. and Nilsson, Nils J.},
	doi = {10.1016/0004-3702(72)90051-3},
	journal = AIJ,
	number = {1-3},
	pages = {251--288},
	title = {{Learning and Executing Generalized Robot Plans}},
	volume = {3},
	year = {1972}
}

@article{hansen2007anytime,
	author = {Hansen, Eric A and Zhou, Rong},
	journal = JAIR,
	pages = {267--297},
	title = {{Anytime Heuristic Search}},
	volume = {28},
	year = {2007}
}

@article{hart1968formal,
	author = {Hart, Peter E. and Nilsson, Nils J. and Raphael, Bertram},
	journal = {Systems Science and Cybernetics, IEEE Transactions on},
	number = {2},
	pages = {100--107},
	publisher = {IEEE},
	title = {{A Formal Basis for the Heuristic Determination of Minimum Cost Paths}},
	volume = {4},
	year = {1968}
}

@article{korf1993linear,
	author = {Korf, Richard E.},
	journal = AIJ,
	number = {1},
	pages = {41--78},
	publisher = {Elsevier},
	title = {{Linear-Space Best-First Search}},
	volume = {62},
	year = {1993}
}

@article{coles2015survey,
	author = {Coles, Amanda and Coles, Andrew and Olaya, {\'A}ngel Garc{\'\i}a and Jim{\'e}nez, Sergio and L{\'o}pez, Carlos Linares and Sanner, Scott and Yoon, Sung Wook},
	journal = {AI Magazine},
	number = {1},
	pages = {83--88},
	title = {{A Survey of the Seventh International Planning Competition}},
	volume = {33},
	year = {2012}
}

@article{porteous2010applying,
	author = {Porteous, Julie and Cavazza, Marc and Charles, Fred},
	journal = {ACM Transactions on Intelligent Systems and Technology (TIST)},
	number = {2},
	pages = {10},
	publisher = {ACM},
	title = {{Applying Planning to Interactive Storytelling: Narrative Control using State Constraints}},
	volume = {1},
	year = {2010}
}

@article{felner2011inconsistent,
	author = {Felner, Ariel and Zahavi, Uzi and Holte, Robert C. and Schaeffer, Jonathan and Sturtevant, Nathan R. and Zhang, Zhifu},
	doi = {10.1016/j.artint.2011.02.001},
	journal = JAIR,
	number = {9-10},
	pages = {1570--1603},
	title = {{Inconsistent Heuristics in Theory and Practice}},
	volume = {175},
	year = {2011}
}

@article{petersen2011termes,
	author = {Petersen, Kirstin Hagelskjaer and Nagpal, Radhika and Werfel, Justin K},
	publisher = {MIT Press},
	title = {{TERMES: An Autonomous Robotic System for Three-Dimensional Collective Construction}},
	year = {2011}
}

@incollection{yu2013multi,
	author = {Yu, Jingjin and LaValle, Steven M},
	booktitle = {{Algorithmic Foundations of Robotics}},
	pages = {157--173},
	publisher = {Springer},
	title = {{Multi-Agent Path Planning and Network Flow}},
	year = {2013}
}

@article{hoffmann2012sap,
	author = {Hoffmann, J{\"o}rg and Weber, Ingo and Kraft, Frank Michael},
	journal = JAIR,
	pages = {587--632},
	title = {{SAP Speaks PDDL: Exploiting a Software-Engineering Model for Planning in Business Process Management}},
	year = {2012}
}

@article{nicola1998rax,
	author = {Muscettola, Nicola and Nayak, P. Pandurang and Pell, Barney and Williams, Brian C.},
	doi = {10.1016/S0004-3702(98)00068-X},
	journal = AIJ,
	number = {1-2},
	pages = {5--47},
	publisher = {Elsevier},
	title = {{Remote Agent: To Boldly Go where No AI System Has Gone Before}},
	volume = {103},
	year = {1998}
}

@article{cormier1992review,
	author = {Cormier, Gilles and Gunn, Eldon A},
	journal = {European Journal of Operational Research},
	number = {1},
	pages = {3--13},
	publisher = {Elsevier},
	title = {{A Review of Warehouse Models}},
	volume = {58},
	year = {1992}
}

@article{nguyen2012generating,
	author = {Nguyen, Tuan Anh and Do, Minh Binh and Gerevini, Alfonso Emilio and Serina, Ivan and Srivastava, Biplav and Kambhampati, Subbarao},
	journal = AIJ,
	pages = {1--31},
	publisher = {Elsevier},
	title = {{Generating Diverse Plans to Handle Unknown and Partially Known User Preferences}},
	volume = {190},
	year = {2012}
}

@article{backstrom1995complexity,
	author = {B{\"a}ckstr{\"o}m, Christer and Nebel, Bernhard},
	journal = {Computational Intelligence},
	number = {4},
	pages = {625--655},
	publisher = {Wiley Online Library},
	title = {{Complexity Results for SAS+ Planning}},
	volume = {11},
	year = {1995}
}

@article{bacchus2000using,
	author = {Bacchus, Fahiem and Kabanza, Froduald},
	journal = AIJ,
	number = {1-2},
	pages = {123--191},
	publisher = {Elsevier},
	title = {{Using Temporal Logics to Express Search Control Knowledge for Planning}},
	volume = {116},
	year = {2000}
}

@article{Blum1997,
	author = {Blum, Avrim L and Furst, Merrick L},
	journal = AIJ,
	number = {1},
	pages = {281--300},
	publisher = {Elsevier},
	title = {{Fast Planning Through Planning Graph Analysis}},
	volume = {90},
	year = {1997}
}

@article{bonet2001planning,
	author = {Bonet, Blai and Geffner, H{\'e}ctor},
	journal = AIJ,
	number = {1},
	pages = {5--33},
	publisher = {Elsevier},
	title = {{Planning as Heuristic Search}},
	volume = {129},
	year = {2001}
}

@article{Botea2005,
	author = {Botea, Adi and Enzenberger, Markus and M{\"u}ller, Martin and Schaeffer, Jonathan},
	journal = JAIR,
	pages = {581--621},
	title = {{Macro-FF: Improving AI Planning with Automatically Learned Macro-Operators}},
	volume = {24},
	year = {2005}
}

@article{bylander1996,
	author = {Bylander, Tom},
	journal = AIJ,
	number = {1},
	pages = {241--271},
	publisher = {Elsevier},
	title = {{A Probabilistic Analysis of Prepositional {STRIPS} Planning}},
	volume = {81},
	year = {1996}
}

@article{Chrpa2010,
	author = {Chrpa, Luk{\'a}{\v s}},
	journal = {Knowledge Eng. Review},
	number = {3},
	pages = {281},
	publisher = {Cambridge Univ Press},
	title = {{Generation of Macro-Operators via Investigation of Action Dependencies in Plans}},
	volume = {25},
	year = {2010}
}

@article{dawande2005sequencing,
	author = {Dawande, Milind and Geismar, H Neil and Sethi, Suresh P and Sriskandarajah, Chelliah},
	journal = {Journal of Scheduling},
	number = {5},
	pages = {387--426},
	publisher = {Springer},
	title = {{Sequencing and Scheduling in Robotic Cells: Recent Developments}},
	volume = {8},
	year = {2005}
}

@article{fikes1972strips,
	author = {Fikes, Richard E and Nilsson, Nils J.},
	journal = AIJ,
	number = {3},
	pages = {189--208},
	publisher = {Elsevier},
	title = {{STRIPS: A New Approach to the Application of Theorem Proving to Problem Solving}},
	volume = {2},
	year = {1972}
}

@article{Fox1998,
	author = {Fox, Maria and Long, Derek},
	journal = JAIR,
	pages = {367--421},
	title = {{The Automatic Inference of State Invariants in {TIM}}},
	year = {1998}
}

@article{gupta1992complexity,
	author = {Gupta, Naresh and Nau, Dana S},
	journal = AIJ,
	number = {2},
	pages = {223--254},
	publisher = {Elsevier},
	title = {{On the Complexity of Blocks-World Planning}},
	volume = {56},
	year = {1992}
}

@article{helbing1998generalized,
	author = {Helbing, Dirk and Tilch, Benno},
	journal = {Physical Review E},
	number = {1},
	pages = {133},
	publisher = {APS},
	title = {{Generalized Force Model of Traffic Dynamics}},
	volume = {58},
	year = {1998}
}

@article{Helmert2006,
	author = {Helmert, Malte},
	journal = JAIR,
	pages = {191--246},
	title = {{The Fast Downward Planning System}},
	volume = {26},
	year = {2006}
}

@article{junghanns2001sokoban,
	author = {Junghanns, Andreas and Schaeffer, Jonathan},
	journal = AIJ,
	number = {1},
	pages = {219--251},
	publisher = {Elsevier},
	title = {{Sokoban: Enhancing General Single-Agent Search Methods using Domain Knowledge}},
	volume = {129},
	year = {2001}
}

@article{lavalle1998rapidly,
	author = {LaValle, Steven M},
	title = {{Rapidly-Exploring Random Trees: A New Tool for Path Planning}},
	year = {1998}
}

@article{nau2003shop2,
	author = {Nau, Dana S and Au, Tsz Chiu and Ilghami, Okhtay and Kuter, Ugur and Murdock, J William and Wu, Dan and Yaman, Fusun},
	journal = JAIR,
	pages = {379--404},
	title = {{SHOP2: An HTN Planning System}},
	volume = {20},
	year = {2003}
}

@book{russell1995artificial,
	author = {Russell, Stuart Jonathan and Norvig, Peter and Canny, John F and Malik, Jitendra M and Edwards, Douglas D},
	publisher = {Prentice hall Englewood Cliffs},
	title = {{Artificial Intelligence: A Modern Approach}},
	volume = {2},
	year = {1995}
}

@article{Schoenauer2006,
	author = {Schoenauer, Marc and Sav{\'e}ant, Pierre and Vidal, Vincent},
	journal = {Evolutionary Computation in Combinatorial Optimization},
	pages = {247--260},
	publisher = {Springer},
	title = {{Divide-and-Evolve: A New Memetic Scheme for Domain-Independent Temporal Planning}},
	year = {2006}
}

@article{Vidal2006a,
	author = {Vidal, Vincent and Geffner, H{\'e}ctor},
	journal = AIJ,
	number = {3},
	pages = {298--335},
	publisher = {Elsevier},
	title = {{Branching and Pruning: An Optimal Temporal {POCL} Planner based on Constraint Programming}},
	volume = {170},
	year = {2006}
}

@article{lopez2015deterministic,
	author = {L{\'o}pez, Carlos Linares and Celorrio, Sergio Jim{\'e}nez and Olaya, {\'A}ngel Garc{\'\i}a},
	journal = AIJ,
	pages = {82--119},
	publisher = {Elsevier},
	title = {{The Deterministic Part of the Seventh International Planning Competition}},
	volume = {223},
	year = {2015}
}

@article{bylander1994,
	author = {Bylander, Tom},
	journal = AIJ,
	number = {1},
	pages = {165--204},
	publisher = {Elsevier},
	title = {{The Computational Complexity of Propositional {STRIPS} Planning}},
	volume = {69},
	year = {1994}
}

@article{HubermanLH97,
	author = {Huberman, Bernardo A. and Lukose, Rajan M. and Hogg, Tad},
	journal = {Science},
	month = {January 3},
	pages = {51--54},
	title = {{An Economics Approach to Hard Computational Problems}},
	volume = {275},
	year = {1997}
}

@article{GomesS01,
	author = {Gomes, Carla P. and Selman, Bart},
	doi = {10.1016/S0004-3702(00)00081-3},
	journal = AIJ,
	number = {1-2},
	pages = {43--62},
	title = {{Algorithm Portfolios}},
	volume = {126},
	year = {2001}
}

@article{Hoffmann11,
	author = {Hoffmann, J{\"o}rg},
	journal = JAIR,
	number = {2},
	pages = {155--229},
	title = {{Analyzing Search Topology Without Running Any Search: On the Connection Between Causal Graphs and $h^+$}},
	volume = {41},
	year = {2011}
}

@article{Hoffmann05,
	author = {Hoffmann, J{\"o}rg},
	doi = {10.1613/jair.1747},
	journal = JAIR,
	pages = {685--758},
	title = {{Where 'Ignoring Delete Lists' Works: Local Search Topology in Planning Benchmarks}},
	volume = {24},
	year = {2005}
}

@book{Nilsson71,
	author = {Nilsson, Nils J.},
	publisher = {McGraw-Hill},
	title = {{Problem Solving Methods in Artificial Intelligence}},
	year = 1971
}

@article{fink1999applications,
	author = {Fink, Andreas and Voss, Stefan},
	journal = {Computers \& Operations Research},
	number = {1},
	pages = {17--34},
	publisher = {Elsevier},
	title = {{Applications of Modern Heuristic Search Methods to Pattern Sequencing Problems}},
	volume = {26},
	year = {1999}
}

@article{HelmertHHN14,
	author = {Helmert, Malte and Haslum, Patrik and Hoffmann, J{\"o}rg and Nissim, Raz},
	doi = {10.1145/2559951},
	journal = {Journal of {ACM}},
	number = {3},
	pages = {16:1--16:63},
	title = {{Merge-and-Shrink Abstraction: {A} Method for Generating Lower Bounds in Factored State Spaces}},
	volume = {61},
	year = {2014}
}

@article{mero1984heuristic,
	author = {Mero, Laszlo},
	journal = AIJ,
	number = {1},
	pages = {13--27},
	publisher = {Elsevier},
	title = {{A Heuristic Search Algorithm with Modifiable Estimate}},
	volume = {23},
	year = {1984}
}

@article{dijkstra1959note,
	author = {Dijkstra, Edsger W},
	journal = {Numerische mathematik},
	number = {1},
	pages = {269--271},
	publisher = {Springer},
	title = {{A Note on Two Problems in Connexion with Graphs}},
	volume = {1},
	year = {1959}
}

@article{neisser1996intelligence,
	author = {Neisser, Ulric and Boodoo, Gwyneth and {Bouchard Jr}, Thomas J and Boykin, A Wade and Brody, Nathan and Ceci, Stephen J and Halpern, Diane F and Loehlin, John C and Perloff, Robert and Sternberg, Robert J and others},
	journal = {American Psychologist},
	number = {2},
	pages = {77},
	publisher = {American Psychological Association},
	title = {{Intelligence: Knowns and Unknowns}},
	volume = {51},
	year = {1996}
}

@book{pearl1984heuristics,
	author = {Pearl, Judea},
	publisher = {Addison-Wesley Pub. Co., Inc., Reading, MA},
	title = {{Heuristics: Intelligent Search Strategies for Computer Problem Solving}},
	year = {1984}
}

@article{lavalle2001randomized,
	author = {LaValle, Steven M and Kuffner, James J},
	journal = {The International Journal of Robotics Research},
	number = {5},
	pages = {378--400},
	publisher = {SAGE Publications},
	title = {{Randomized Kinodynamic Planning}},
	volume = {20},
	year = {2001}
}

@article{korf1985depth,
	author = {Korf, Richard E.},
	journal = AIJ,
	number = {1},
	pages = {97--109},
	publisher = {Elsevier},
	title = {{Depth-First Iterative-Deepening: An Optimal Admissible Tree Search}},
	volume = {27},
	year = {1985}
}

@article{richter2010lama,
	author = {Richter, Silvia and Westphal, Matthias},
	journal = JAIR,
	number = {1},
	pages = {127--177},
	title = {{The LAMA Planner: Guiding Cost-Based Anytime Planning with Landmarks}},
	volume = {39},
	year = {2010}
}

@misc{val4.2,
	title = {VAL: The plan validation system.},
	url = {https://github.com/KCL-Planning/VAL}
}

@book{PegsolBook,
	author = {Co, Lubbers \& Bell Mfg.},
	note = {Clinton, Iowa},
	title = {{The Game {P}uzzle-{P}eg}},
	year = {1924}
}

@article{felner2003kbfs,
	author = {Felner, Ariel and Kraus, Sarit and Korf, Richard E.},
	journal = {Annals of Mathematics and Artificial Intelligence},
	number = {1-2},
	pages = {19--39},
	publisher = {Springer},
	title = {{KBFS: K-Best-First Search}},
	volume = {39},
	year = {2003}
}

@article{levesque1987expressiveness,
	author = {Levesque, Hector J and Brachman, Ronald J},
	journal = {Computational Intelligence},
	number = {1},
	pages = {78--93},
	publisher = {Wiley Online Library},
	title = {{Expressiveness and Tractability in Knowledge Representation and Reasoning}},
	volume = {3},
	year = {1987}
}

@incollection{benzmuller1997omegamega,
	author = {Benzm{\"u}ller, Christoph and Cheikhrouhou, Lassaad and Fehrer, Detlef and Fiedler, Armin and Huang, Xiaorong and Kerber, Manfred and Kohlhase, Michael and Konrad, Karsten and Meier, Andreas and Melis, Erica and others},
	booktitle = {{Automated Deduction---CADE-14}},
	pages = {252--255},
	publisher = {Springer},
	title = {{$\Omega$mega: Towards a Mathematical Assistant}},
	year = {1997}
}

@article{melis1999knowledge,
	author = {Melis, Erica and Siekmann, J{\"o}rg},
	journal = AIJ,
	number = {1},
	pages = {65--105},
	publisher = {Elsevier},
	title = {{Knowledge-Based Proof Planning}},
	volume = {115},
	year = {1999}
}

@article{hoffmann01,
	author = {Hoffmann, J{\"o}rg and Nebel, Bernhard},
	doi = {10.1613/jair.855},
	journal = JAIR,
	pages = {253--302},
	title = {{The FF Planning System: Fast Plan Generation through Heuristic Search}},
	volume = {14},
	year = {2001}
}

@incollection{edelkamp2000exhibiting,
	author = {Edelkamp, Stefan and Helmert, Malte},
	booktitle = {{Recent Advances in AI Planning}},
	pages = {135--147},
	publisher = {Springer},
	title = {{Exhibiting Knowledge in Planning Problems to Minimize State Encoding Length}},
	year = {2000}
}

@article{Coles07,
	author = {Coles, Andrew and Smith, Amanda},
	ee = {http://dx.doi.org/10.1613/jair.2077},
	journal = JAIR,
	pages = {119--156},
	title = {{Marvin: A Heuristic Search Planner with Online Macro-Action Learning}},
	volume = {28},
	year = {2007}
}

@article{Korf87,
	author = {Korf, Richard E.},
	doi = {10.1016/0004-3702(87)90051-8},
	journal = AIJ,
	number = 1,
	pages = {65--88},
	title = {{Planning as Search: {A} Quantitative Approach}},
	volume = 33,
	year = 1987
}

@article{dejong1986explanation,
	author = {DeJong, Gerald and Mooney, Raymond},
	journal = {Machine Learning},
	number = {2},
	pages = {145--176},
	publisher = {Springer},
	title = {{Explanation-Based Learning: An Alternative View}},
	volume = {1},
	year = {1986}
}

@article{Korf85a,
	author = {Korf, Richard E.},
	doi = {10.1016/0004-3702(85)90012-8},
	journal = JAIR,
	number = {1},
	pages = {35--77},
	title = {{Macro-Operators: {A} Weak Method for Learning}},
	volume = {26},
	year = {1985}
}

@article{FinkelsteinM98,
	author = {Finkelstein, Lev and Markovitch, Shaul},
	doi = {10.1613/jair.484},
	journal = JAIR,
	pages = {223--263},
	title = {{A Selective Macro-learning Algorithm and its Application to the NxN Sliding-Tile Puzzle}},
	volume = {8},
	year = {1998}
}

@techreport{Markovitch99,
	author = {Markovitch, Shaul},
	institution = {Technion},
	number = {Technical Report CIS9907},
	title = {{Applications of Macro Learning to Path Planning}},
	year = 1999
}

@article{MarkovitchS93,
	author = {Markovitch, Shaul and Scott, Paul D.},
	doi = {10.1007/BF00993503},
	journal = {Machine Learning},
	pages = {113--151},
	title = {{Information Filtering: Selection Mechanisms in Learning Systems}},
	volume = {10},
	year = {1993}
}

@article{auer2002finite,
	author = {Auer, Peter and Cesa-Bianchi, Nicolo and Fischer, Paul},
	journal = {Machine Learning},
	number = {2-3},
	pages = {235--256},
	publisher = {Springer},
	title = {{Finite-Time Analysis of the Multiarmed Bandit Problem}},
	volume = {47},
	year = {2002}
}

@article{van2005optiplan,
	author = {van den Briel, Menkes and Kambhampati, Subbarao},
	journal = JAIR,
	pages = {919--931},
	title = {{Optiplan: Unifying IP-based and Graph-based Planning}},
	volume = {24},
	year = {2005}
}

@article{pearl1982studies,
	author = {Pearl, Judea and Kim, Jin H},
	journal = {Pattern Analysis and Machine Intelligence, IEEE Transactions on},
	number = {4},
	pages = {392--399},
	publisher = {IEEE},
	title = {{Studies in Semi-Admissible Heuristics}},
	year = {1982}
}

@article{wilkinson1983invasion,
	author = {Wilkinson, David and Willemsen, Jorge F},
	journal = {Journal of Physics A: Mathematical and General},
	number = {14},
	pages = {3365},
	publisher = {IOP Publishing},
	title = {{Invasion Percolation: A New Form of Percolation Theory}},
	volume = {16},
	year = {1983}
}

@article{barabasi1996invasion,
	author = {Barab{\'a}si, Albert-L{\'a}szl{\'o}},
	journal = {Physical Review Letters},
	number = {20},
	pages = {3750},
	publisher = {APS},
	title = {{Invasion Percolation and Global Optimization}},
	volume = {76},
	year = {1996}
}

@article{prim1957shortest,
	author = {Prim, Robert Clay},
	journal = {Bell System Technical Journal},
	number = {6},
	pages = {1389--1401},
	publisher = {Wiley Online Library},
	title = {{Shortest Connection Networks and Some Generalizations}},
	volume = {36},
	year = {1957}
}

@article{zobrist1970new,
	author = {Zobrist, Albert L},
	journal = {ICCA journal},
	number = {2},
	pages = {69--73},
	title = {{A New Hashing Method with Application for Game Playing}},
	volume = {13},
	year = {1970}
}

@article{edmonds1967optimum,
	author = {Edmonds, Jack},
	journal = {Journal of Research of the National Bureau of Standards B},
	number = {4},
	pages = {233--240},
	title = {{Optimum Branchings}},
	volume = {71},
	year = {1967}
}

@article{chu1965shortest,
	author = {Chu, Yoeng-Jin and Liu, Tseng-Hong},
	journal = {Scientia Sinica},
	number = {10},
	pages = {1396},
	publisher = {SCIENCE PRESS 16 DONGHUANGCHENGGEN NORTH ST, BEIJING 100717, PEOPLES R CHINA},
	title = {{On Shortest Arborescence of a Directed Graph}},
	volume = {14},
	year = {1965}
}

@article{tarjan1977finding,
	author = {Tarjan, Robert Endre},
	journal = {Networks},
	number = {1},
	pages = {25--35},
	publisher = {Wiley Online Library},
	title = {{Finding Optimum Branchings}},
	volume = {7},
	year = {1977}
}

@article{gabow1986efficient,
	author = {Gabow, Harold N and Galil, Zvi and Spencer, Thomas and Tarjan, Robert E},
	journal = {Combinatorica},
	number = {2},
	pages = {109--122},
	publisher = {Springer},
	title = {{Efficient Algorithms for Finding Minimum Spanning Trees in Undirected and Directed Graphs}},
	volume = {6},
	year = {1986}
}

@article{domshlak2015red,
	author = {Domshlak, Carmel and Hoffmann, J{\"o}rg and Katz, Michael},
	journal = AIJ,
	pages = {73--114},
	publisher = {Elsevier},
	title = {{Red-Black Planning: A New Systematic Approach to Partial Delete Relaxation}},
	volume = {221},
	year = {2015}
}

@article{KorfF02,
	author = {Korf, Richard E. and Felner, Ariel},
	doi = {10.1016/S0004-3702(01)00092-3},
	journal = AIJ,
	number = {1-2},
	pages = {9--22},
	title = {{Disjoint Pattern Database Heuristics}},
	volume = {134},
	year = {2002}
}

@article{McDermott00,
	author = {McDermott, Drew V.},
	journal = {{AI} Magazine},
	number = {2},
	pages = {35--55},
	title = {{The 1998 {AI} Planning Systems Competition}},
	volume = {21},
	year = {2000}
}

@article{dqn,
	author = {Mnih, Volodymyr and Kavukcuoglu, Koray and Silver, David and Rusu, Andrei A and Veness, Joel and Bellemare, Marc G and Graves, Alex and Riedmiller, Martin and Fidjeland, Andreas K and Ostrovski, Georg and others},
	journal = {Nature},
	number = {7540},
	pages = {529--533},
	publisher = {Nature Research},
	title = {{Human-Level Control through Deep Reinforcement Learning}},
	volume = {518},
	year = {2015}
}

@article{neuraltm,
	author = {Graves, Alex and Wayne, Greg and Reynolds, Malcolm and Harley, Tim and Danihelka, Ivo and Grabska-Barwi{\'n}ska, Agnieszka and Colmenarejo, Sergio G{\'o}mez and Grefenstette, Edward and Ramalho, Tiago and Agapiou, John and others},
	journal = {Nature},
	number = {7626},
	pages = {471--476},
	publisher = {Nature Research},
	title = {{Hybrid Computing using a Neural Network with Dynamic External Memory}},
	volume = {538},
	year = {2016}
}

@article{alphago,
	author = {Silver, David and Huang, Aja and Maddison, Chris J and Guez, Arthur and Sifre, Laurent and {Van Den Driessche}, George and Schrittwieser, Julian and Antonoglou, Ioannis and Panneershelvam, Veda and Lanctot, Marc and others},
	journal = {Nature},
	number = {7587},
	pages = {484--489},
	publisher = {Nature Publishing Group},
	title = {{Mastering the Game of Go with Deep Neural Networks and Tree Search}},
	volume = {529},
	year = {2016}
}

@article{hopfield1985neural,
	author = {Hopfield, John J and Tank, David W},
	journal = {Biological Cybernetics},
	number = {3},
	pages = {141--152},
	publisher = {Springer},
	title = {{"Neural" Computation of Decisions in Optimization Problems}},
	volume = {52},
	year = {1985}
}

@article{bieszczad1998neurosolver,
	author = {Bieszczad, Andrzej and Pagurek, Bernard},
	journal = {Information Sciences},
	number = {1-4},
	pages = {239--277},
	publisher = {Elsevier},
	title = {{Neurosolver: Neuromorphic General Problem Solver}},
	volume = {105},
	year = {1998}
}

@article{srivastava2014dropout,
	author = {Srivastava, Nitish and Hinton, Geoffrey E and Krizhevsky, Alex and Sutskever, Ilya and Salakhutdinov, Ruslan},
	journal = {Journal of Machine Learning Research},
	number = {1},
	pages = {1929--1958},
	title = {{Dropout: A Simple Way to Prevent Neural Networks from Overfitting.}},
	volume = {15},
	year = {2014}
}

@inproceedings{ArfaeeZH10,
	author = {Arfaee, Shahab Jabbari and Zilles, Sandra and Holte, Robert C.},
	booktitle = SOCS,
	editor = {Felner, Ariel and Sturtevant, Nathan R.},
	publisher = {{AAAI} Press},
	title = {Bootstrap Learning of Heuristic Functions},
	year = {2010}
}

@article{ArfaeeZH11,
	author = {Arfaee, Shahab Jabbari and Zilles, Sandra and Holte, Robert C.},
	doi = {10.1016/j.artint.2011.08.001},
	journal = AIJ,
	number = {16-17},
	pages = {2075--2098},
	title = {{Learning Heuristic Functions for Large State Spaces}},
	volume = {175},
	year = {2011}
}

@article{SatzgerK13,
	author = {Satzger, Benjamin and Kramer, Oliver},
	doi = {10.1007/s11047-012-9332-y},
	journal = {Natural Computing},
	number = {1},
	pages = {87--100},
	title = {{Goal Distance Estimation for Automated Planning using Neural Networks and Support Vector Machines}},
	volume = {12},
	year = {2013}
}

@article{lecun1998gradient,
	author = {LeCun, Yann and Bottou, L{\'e}on and Bengio, Yoshua and Haffner, Patrick},
	journal = IEEE,
	number = {11},
	pages = {2278--2324},
	publisher = {IEEE},
	title = {{Gradient-Based Learning Applied to Document Recognition}},
	volume = {86},
	year = {1998}
}

@article{YangWJ07,
	author = {Yang, Qiang and Wu, Kangheng and Jiang, Yunfei},
	doi = {10.1016/j.artint.2006.11.005},
	journal = AIJ,
	number = {2-3},
	pages = {107--143},
	title = {{Learning Action Models from Plan Examples using Weighted {MAX-SAT}}},
	volume = {171},
	year = {2007}
}

@other{pdb-tribute,
	author = {Edelkamp, Stefan},
	title = {{PDB or not PDB? - that{\rq}s the Question. A Tribute to Blind Search Planning}},
	year = {2012}
}

@article{CresswellMW13,
	author = {Cresswell, Stephen and McCluskey, Thomas Leo and West, Margaret Mary},
	doi = {10.1017/S0269888912000422},
	journal = {Knowledge Eng. Review},
	number = 2,
	pages = {195--213},
	title = {{Acquiring planning domain models using \emph{LOCM}}},
	volume = 28,
	year = 2013
}

@article{asai2017tie,
	author = {Asai, Masataro and Fukunaga, Alex},
	journal = JAIR,
	pages = {67--121},
	title = {{Tie-Breaking Strategies for Cost-Optimal Best First Search}},
	volume = {58},
	year = {2017}
}

@book{falconer2004fractal,
	author = {Falconer, Kenneth},
	publisher = {John Wiley \& Sons},
	title = {{Fractal Geometry: Mathematical Foundations and Applications}},
	year = {2004}
}

@book{stauffer1994introduction,
	author = {Stauffer, Dietrich and Aharony, Ammon},
	publisher = {CRC press},
	title = {{Introduction to Percolation Theory}},
	year = {1994}
}

@book{mandelbrot1977fractals,
	author = {Mandelbrot, Benoit B},
	publisher = {Wiley Online Library},
	title = {{Fractals}},
	year = {1977}
}

@article{bryant1986graph,
	author = {Bryant, Randal E},
	journal = {Computers, IEEE Transactions on},
	number = {8},
	pages = {677--691},
	publisher = {IEEE},
	title = {{Graph-based algorithms for boolean function manipulation}},
	volume = {100},
	year = {1986}
}

@article{harnad1990symbol,
	author = {Harnad, Stevan},
	journal = {Physica D: Nonlinear Phenomena},
	number = {1-3},
	pages = {335--346},
	publisher = {Elsevier},
	title = {{The symbol grounding problem}},
	volume = {42},
	year = {1990}
}

@article{cullen88,
	author = {Cullen, J and Bryman, A},
	journal = {Expert Systems},
	month = {August},
	number = {3},
	page = {216-225},
	title = {{The Knowledge Acquisition Bottleneck: Time for Reassessment?}},
	volume = {5},
	year = 1988
}

@article{taddeo2005solving,
	author = {Taddeo, Mariarosaria and Floridi, Luciano},
	journal = {Journal of Experimental \& Theoretical Artificial Intelligence},
	number = {4},
	pages = {419--445},
	publisher = {Taylor \& Francis},
	title = {{Solving the Symbol Grounding Problem: A Critical Review of Fifteen Years of Research}},
	volume = {17},
	year = {2005}
}

@misc{ng2011cs294a,
	author = {Ng, Andrew},
	title = {{CS294A lecture notes}},
	url = {https://web.stanford.edu/class/cs294a/sparseAutoencoder_2011new.pdf},
	year = {2011}
}

@article{nadeau2007survey,
	author = {Nadeau, David and Sekine, Satoshi},
	journal = {Lingvisticae Investigationes},
	number = {1},
	pages = {3--26},
	publisher = {John Benjamins publishing company},
	title = {{A Survey of Named Entity Recognition and Classification}},
	volume = {30},
	year = {2007}
}

@incollection{mohit2014named,
	author = {Mohit, Behrang},
	booktitle = {{Natural Language Processing of Semitic Languages}},
	pages = {221--245},
	publisher = {Springer},
	title = {{Named Entity Recognition}},
	year = {2014}
}

@article{evans2018learning,
	author = {Evans, Richard and Grefenstette, Edward},
	journal = JAIR,
	pages = {1--64},
	title = {{Learning Explanatory Rules from Noisy Data}},
	volume = {61},
	year = {2018}
}

@article{wang2016learning,
	author = {Wang, Jun and Liu, Wei and Kumar, Sanjiv and Chang, Shih-Fu},
	journal = {Proceedings of the IEEE},
	number = {1},
	pages = {34--57},
	publisher = {IEEE},
	title = {{Learning to Hash for Indexing Big Data---A Survey}},
	volume = {104},
	year = {2016}
}

@article{hochreiter1997long,
	author = {Hochreiter, Sepp and Schmidhuber, J{\"u}rgen},
	journal = {Neural Computation},
	number = {8},
	pages = {1735--1780},
	publisher = {MIT Press},
	title = {{Long Short-Term Memory}},
	volume = {9},
	year = {1997}
}

@article{lecun2015deep,
	author = {LeCun, Yann and Bengio, Yoshua and Hinton, Geoffrey},
	journal = {Nature},
	number = {7553},
	pages = {436},
	publisher = {Nature Publishing Group},
	title = {{Deep Learning}},
	volume = {521},
	year = {2015}
}

@article{sourek2018lifted,
	author = {Sourek, Gustav and Aschenbrenner, Vojtech and Zelezny, Filip and Schockaert, Steven and Kuzelka, Ondrej},
	journal = JAIR,
	pages = {69--100},
	title = {{Lifted Relational Neural Networks: Efficient Learning of Latent Relational Structures}},
	volume = {62},
	year = {2018}
}

@article{scarselli2009graph,
	author = {Scarselli, Franco and Gori, Marco and Tsoi, Ah Chung and Hagenbuchner, Markus and Monfardini, Gabriele},
	journal = {IEEE Transactions on Neural Networks},
	number = {1},
	pages = {61--80},
	publisher = {IEEE},
	title = {{The Graph Neural Network Model}},
	volume = {20},
	year = {2009}
}

@article{lz1978,
	author = {Ziv, J. and Lempel, A.},
	doi = {10.1109/TIT.1978.1055934},
	issn = {0018-9448},
	journal = {IEEE Transactions on Information Theory},
	keywords = {Source coding; Variable-rate coding},
	month = {September},
	number = {5},
	pages = {530--536},
	title = {{Compression of individual sequences via variable-rate coding}},
	volume = {24},
	year = {1978}
}

@misc{aaai-template,
	author = {Asai, Masataro},
	title = {{This paper was written using AAAI Template \url{github.com/guicho271828/aaai-template}}},
	year = {2019}
}

@book{deeplearningbook,
	author = {Goodfellow, Ian and Bengio, Yoshua and Courville, Aaron},
	note = {\url{www.deeplearningbook.org}},
	publisher = {MIT Press},
	title = {{Deep Learning}},
	year = {2016}
}

@incollection{Steels2008,
	author = {Steels, Luc},
	booktitle = {{Symbols and Embodiment}},
	editor = {de Vega, Manuel and Glenberg, Arthur and Graesser, Arthur},
	publisher = {Oxford University Press},
	title = {{The Symbol Grounding Problem has been Solved. So What's Next?}},
	year = 2008
}

@article{witten1981diffusion,
	author = {{Witten Jr}, TA and Sander, Leonard M},
	journal = {Physical Review Letters},
	number = {19},
	pages = {1400},
	publisher = {APS},
	title = {{Diffusion-Limited Aggregation, a Kinetic Critical Phenomenon}},
	volume = {47},
	year = {1981}
}

@article{gumbel1954statistical,
	author = {Gumbel, Emil Julius and Lieblein, Julius},
	publisher = {US Government Printing Office Washington},
	title = {{Statistical theory of extreme values and some practical applications: A series of lectures}},
	year = {1954}
}

@article{huttenlocher1993comparing,
	author = {Huttenlocher, Daniel P. and Klanderman, Gregory A. and Rucklidge, William J},
	journal = {IEEE Transactions on Pattern Analysis and Machine Intelligence},
	number = {9},
	pages = {850--863},
	publisher = {IEEE},
	title = {{Comparing Images using the Hausdorff Distance}},
	volume = {15},
	year = {1993}
}

@article{paccanaro2001learning,
	author = {Paccanaro, Alberto and Hinton, Geoffrey E.},
	journal = {IEEE Transactions on Knowledge and Data Engineering},
	number = {2},
	pages = {232--244},
	publisher = {IEEE},
	title = {{Learning Distributed Representations of Concepts using Linear Relational Embedding}},
	volume = {13},
	year = {2001}
}

@article{fujita2013metrics,
	author = {Fujita, Osamu},
	journal = {Japan Journal of Industrial and Applied Mathematics},
	number = {1},
	pages = {1--19},
	publisher = {Springer},
	title = {{Metrics Based on Average Distance between Sets}},
	volume = {30},
	year = {2013}
}

@article{endres2003new,
	author = {Endres, Dominik Maria and Schindelin, Johannes E},
	journal = {IEEE Transactions on Information Theory},
	title = {{A New Metric for Probability Distributions}},
	year = {2003}
}

@article{zhu2016deep,
	author = {Zhu, Zhuotun and Wang, Xinggang and Bai, Song and Yao, Cong and Bai, Xiang},
	journal = {Neurocomputing},
	pages = {41--50},
	publisher = {Elsevier},
	title = {{Deep Learning Representation using Autoencoder for 3D Shape Retrieval}},
	volume = {204},
	year = {2016}
}

@article{rubner2000earth,
	author = {Rubner, Yossi and Tomasi, Carlo and Guibas, Leonidas J},
	journal = {Int. J. Comput. Vis.},
	number = {2},
	pages = {99--121},
	publisher = {Springer},
	title = {{The Earth Mover's Distance as a Metric for Image Retrieval}},
	volume = {40},
	year = {2000}
}

@article{hinton2006reducing,
	author = {Hinton, Geoffrey E and Salakhutdinov, Ruslan R},
	journal = {Science},
	number = {5786},
	pages = {504--507},
	publisher = {American Association for the Advancement of Science},
	title = {{Reducing the Dimensionality of Data with Neural Networks}},
	volume = {313},
	year = {2006}
}

@article{bourlard1988auto,
	author = {Bourlard, Herv{\'e} and Kamp, Yves},
	journal = {Biological Cybernetics},
	number = {4},
	pages = {291--294},
	publisher = {Springer},
	title = {{Auto-Association by Multilayer Perceptrons and Singular Value Decomposition}},
	volume = {59},
	year = {1988}
}

@article{JimenezRFFB12,
	author = {Celorrio, Sergio Jim{\'e}nez and de la Rosa, Tom{\'a}s and Fern{\'a}ndez, Susana and Fern{\'a}ndez, Fernando and Borrajo, Daniel},
	doi = {10.1017/S026988891200001X},
	journal = {Knowledge Eng. Review},
	number = {4},
	pages = {433--467},
	title = {{A Review of Machine Learning for Automated Planning}},
	volume = {27},
	year = {2012}
}

@article{kirk2016learning,
	author = {Kirk, James R and Laird, John E},
	journal = {Advances in Cognitive Systems},
	title = {{Learning General and Efficient Representations of Novel Games Through Interactive Instruction}},
	volume = {4},
	year = {2016}
}

@article{ArgallCVB09,
	author = {Argall, Brenna and Chernova, Sonia and Veloso, Manuela M. and Browning, Brett},
	doi = {10.1016/j.robot.2008.10.024},
	journal = {Robotics and Autonomous Systems},
	number = {5},
	pages = {469--483},
	title = {{A Survey of Robot Learning from Demonstration}},
	volume = {57},
	year = {2009}
}

@inproceedings{higgins2017beta,
	author = {Higgins, Irina and Matthey, Lo{\"\i}c and Pal, Arka and others},
	booktitle = ICLR,
	title = {{$\beta$-VAE: Learning Basic Visual Concepts with a Constrained Variational Framework}},
	year = {2017}
}

@article{amado2018lstm,
	author = {Amado, Leonardo and Pereira, Ramon Fraga and Aires, Joao and Magnaguagno, Mauricio and Granada, Roger and Meneguzzi, Felipe},
	journal = {arXiv preprint arXiv:1808.05249},
	title = {{LSTM-based Goal Recognition in Latent Space}},
	year = 2018
}

@unpublished{ericjanggithub,
	author = {{Eric Jang}},
	title = {{A reference implementation of GS-VAE}},
	year = {2018}
}

@article{cheng2017survey,
	author = {Cheng, Yu and Wang, Duo and Zhou, Pan and Zhang, Tao},
	journal = {IEEE Signal Processing Magazine, to appear},
	title = {{A Survey of Model Compression and Acceleration for Deep Neural Networks}},
	year = {2017}
}

@inproceedings{amado2018goal,
	author = {Amado, Leonardo and Pereira, Ramon Fraga and Aires, Joao and Magnaguagno, Mauricio and Granada, Roger and Meneguzzi, Felipe},
	booktitle = IJCNN,
	title = {{Goal Recognition in Latent Space}},
	year = 2018
}

@inproceedings{kurutach2018learning,
	author = {Kurutach, Thanard and Tamar, Aviv and Yang, Ge and Russell, Stuart and Abbeel, Pieter},
	booktitle = NIPS,
	title = {{Learning Plannable Representations with Causal InfoGAN}},
	year = {2018}
}

@article{KonidarisKL18,
	author = {Konidaris, George and Kaelbling, Leslie Pack and Lozano{-}P{\'e}rez, Tom{\'a}s},
	doi = {10.1613/jair.5575},
	journal = JAIR,
	pages = {215--289},
	title = {{From Skills to Symbols: Learning Symbolic Representations for Abstract High-Level Planning}},
	volume = {61},
	year = {2018}
}

@article{newell1976computer,
	author = {Newell, Allen and Simon, Herbert A.},
	doi = {10.1145/360018.360022},
	journal = {Commun. {ACM}},
	number = {3},
	pages = {113--126},
	title = {{Computer Science as Empirical Inquiry: Symbols and Search}},
	volume = {19},
	year = {1976}
}

@article{newell1980physical,
	author = {Newell, Allen},
	journal = {Cognitive science},
	number = {2},
	pages = {135--183},
	publisher = {Elsevier},
	title = {{Physical Symbol Systems}},
	volume = {4},
	year = {1980}
}

@incollection{reiter1981closed,
	author = {Reiter, Raymond},
	booktitle = {{Readings in Artificial Intelligence}},
	pages = {119--140},
	publisher = {Elsevier},
	title = {{On Closed World Data Bases}},
	year = {1981}
}

@incollection{nilsson2007physical,
	author = {Nilsson, Nils J},
	booktitle = {{50 Years of Artificial Intelligence}},
	pages = {9--17},
	publisher = {Springer},
	title = {{The Physical Symbol System Hypothesis: Status and Prospects}},
	year = {2007}
}

@article{Asai2018b,
	author = {Asai, Masataro},
	journal = {arXiv:1812.01818},
	title = {{Photo-Realistic Blocksworld Dataset}},
	year = {2018}
}

@inproceedings{Asai2019a,
	author = {Asai, Masataro and Kajino, Hiroshi},
	booktitle = ICAPS,
	month = {July},
	title = {{Towards Stable Symbol Grounding with Zero-Suppressed State AutoEncoder}},
	year = {2019}
}

@inproceedings{Asai2019b,
	author = {Asai, Masataro},
	booktitle = ICAPS,
	month = {July},
	title = {{Unsupervised Grounding of Plannable First-Order Logic Representation from Images}},
	year = {2019}
}

@article{Asai2019c,
	author = {Asai, Masataro},
	journal = {arXiv:1812.01217},
	title = {{Set Cross Entropy: Likelihood-based Permutation Invariant Loss Function for Probability Distributions}},
	year = {2019}
}

@article{Asai2019d,
	author = {Asai, Masataro},
	journal = {arXiv:1912.05492},
	title = {{Neural-Symbolic Descriptive Action Model from Images: The Search for STRIPS}},
	year = {2019}
}

@inproceedings{Asai2020,
	author = {Asai, Masataro and Muise, Christian},
	booktitle = IJCAI,
	title = {{Learning Neural-Symbolic Descriptive Planning Models via Cube-Space Priors: The Voyage Home (to STRIPS)}},
	year = {2020}
}

@inproceedings{lotter2016deep,
	author = {Lotter, William and Kreiman, Gabriel and Cox, David},
	booktitle = ICLR,
	title = {{Deep Predictive Coding Networks for Video Prediction and Unsupervised Learning}},
	year = {2017}
}

@inproceedings{maliotov2018mlic,
	author = {Maliotov, Dmitry and Meel, Kuldeep S},
	booktitle = CP,
	organization = {Springer},
	title = {{MLIC: A MaxSAT-Based framework for learning interpretable classification rules}},
	year = {2018}
}

@incollection{tseitin1983complexity,
	author = {Tseitin, Grigori S},
	booktitle = {{Automation of reasoning}},
	publisher = {Springer},
	title = {{On the complexity of derivation in propositional calculus}},
	year = {1983}
}

@inproceedings{ramirez2009plan,
	author = {Ram{\'\i}rez, Miquel and Geffner, Hector},
	booktitle = AAAI,
	title = {{Plan Recognition as Planning}},
	year = {2009}
}

@inproceedings{koul2018learning,
	author = {Koul, Anurag and Fern, Alan and Greydanus, Sam},
	booktitle = ICLR,
	title = {{Learning Finite State Representations of Recurrent Policy Networks}},
	year = {2019}
}

@article{bengio2013estimating,
	author = {Bengio, Yoshua and L{\'e}onard, Nicholas and Courville, Aaron},
	journal = {arXiv:1308.3432},
	title = {{Estimating or Propagating Gradients through Stochastic Neurons for Conditional Computation}},
	year = {2013}
}

@inproceedings{aineto2018learning,
	author = {Aineto, Diego and Jim{\'e}nez, Sergio and Onaindia, Eva},
	booktitle = ICAPS,
	title = {{Learning STRIPS Action Models with Classical Planning}},
	year = {2018}
}

@article{zhuo2019learning,
	author = {Zhuo, Hankz Hankui and Peng, Jing and Kambhampati, Subbarao},
	journal = {arXiv:1908.09800},
	title = {{Learning Action Models from Disordered and Noisy Plan Traces}},
	year = {2019}
}

@inproceedings{zhuo2013action,
	author = {Zhuo, Hankz Hankui and Kambhampati, Subbarao},
	booktitle = IJCAI,
	title = {{Action-Model Acquisition from Noisy Plan Traces}},
	year = {2013}
}

@inproceedings{cohen1995fast,
	author = {Cohen, William W},
	booktitle = ICML,
	title = {{Fast Effective Rule Induction}},
	year = {1995}
}

@inproceedings{feng2018extracting,
	author = {Feng, Wenfeng and Zhuo, Hankz Hankui and Kambhampati, Subbarao},
	booktitle = IJCAI,
	title = {{Extracting Action Sequences from Texts Based on Deep Reinforcement Learning}},
	year = {2018}
}

@inproceedings{van2017neural,
	author = {van den Oord, Aaron and Vinyals, Oriol and others},
	booktitle = NIPS,
	title = {{Neural Discrete Representation Learning}},
	year = {2017}
}

@article{vahdat2018dvae++,
	author = {Vahdat, Arash and Macready, William G and Bian, Zhengbing and Khoshaman, Amir and Andriyash, Evgeny},
	journal = {arXiv:1802.04920},
	title = {{DVAE++: Discrete variational autoencoders with overlapping transformations}},
	year = {2018}
}

@inproceedings{vahdat2018dvae,
	author = {Vahdat, Arash and Andriyash, Evgeny and Macready, William},
	booktitle = NIPS,
	title = {{DVAE\#: Discrete variational autoencoders with relaxed Boltzmann priors}},
	year = {2018}
}

@unpublished{masatoi,
	author = {Imai, Satoshi},
	note = {\url{https://github.com/masatoi/cl-random-forest}},
	title = {{\texttt{cl-random-forest}}},
	year = {2017}
}

@inproceedings{wallace2011class,
	author = {Wallace, Byron C and Small, Kevin and Brodley, Carla E and Trikalinos, Thomas A},
	booktitle = ICDM,
	organization = {IEEE},
	title = {{Class Imbalance, Redux}},
	year = {2011}
}

@inproceedings{krizhevsky2012imagenet,
	author = {Krizhevsky, Alex and Sutskever, Ilya and Hinton, Geoffrey E},
	booktitle = NIPS,
	title = {{Imagenet Classification with Deep Convolutional Neural Networks}},
	year = {2012}
}

@inproceedings{misra1992constructive,
	author = {Misra, Jayadev and Gries, David},
	booktitle = {{Information Processing Letters}},
	organization = {Citeseer},
	title = {{A Constructive Proof of Vizing{\rq}s Theorem}},
	year = {1992}
}

@article{berge1991short,
	author = {Berge, Claude and Fournier, Jean Claude},
	journal = {Journal of Graph Theory},
	number = {3},
	publisher = {Wiley Online Library},
	title = {{A Short Proof for a Generalization of Vizing's Theorem}},
	volume = {15},
	year = {1991}
}

@article{vizing1965chromatic,
	author = {Vizing, Vadim G},
	journal = {Cybernetics and Systems Analysis},
	number = {3},
	publisher = {Springer},
	title = {{The Chromatic Class of a Multigraph}},
	volume = {1},
	year = {1965}
}

@article{payan1992chromatic,
	author = {Payan, Charles},
	journal = {Discrete mathematics},
	number = {3},
	publisher = {Elsevier},
	title = {{On the Chromatic Number of Cube-Like Graphs}},
	volume = {103},
	year = {1992}
}

@article{liu2019variance,
	author = {Liu, Liyuan and Jiang, Haoming and He, Pengcheng and others},
	journal = {arXiv:1908.03265},
	title = {{On the Variance of the Adaptive Learning Rate and Beyond}},
	year = {2019}
}

@article{shanahan2019explicitly,
	author = {Shanahan, Murray and Nikiforou, Kyriacos and Creswell, Antonia and Kaplanis, Christos and Barrett, David and Garnelo, Marta},
	journal = {arXiv:1905.10307},
	title = {{An Explicitly Relational Neural Network Architecture}},
	year = {2019}
}

@article{shannon1949synthesis,
	author = {Shannon, Claude E},
	journal = {The Bell System Technical Journal},
	number = {1},
	pages = {59--98},
	publisher = {Nokia Bell Labs},
	title = {{The synthesis of two-terminal switching circuits}},
	volume = {28},
	year = {1949}
}

@inproceedings{silver2020learning,
	author = {Silver, Tom and Chitnis, Rohan and Ajay, Anurag and Tenenbaum, Josh and Kaelbling, Leslie},
	booktitle = {{AAAI GenPlan Workshop}},
	title = {{Learning Skill Hierarchies from Predicate Descriptions and Self-Supervision}},
	year = {2020}
}

@inproceedings{kaiser2020model,
	author = {Kaiser, Lukasz and Babaeizadeh, Mohammad and Milos, Piotr and Osinski, Blazej and Campbell, Roy H and Czechowski, Konrad and Erhan, Dumitru and Finn, Chelsea and Kozakowski, Piotr and Levine, Sergey and Mohiuddin, Afroz and Sepassi, Ryan and Tucker, George and Michalewski, Henryk},
	booktitle = ICLR,
	title = {{Model Based Reinforcement Learning for Atari}},
	year = {2020}
}

@inproceedings{bonet2020learning,
	author = {Bonet, Blai and Geffner, Hector},
	booktitle = ECAI,
	title = {{Learning First-Order Symbolic Representations for Planning from the Structure of the State Space}},
	year = {2020}
}

@article{ho1998random,
	author = {Ho, Tin Kam},
	journal = TPAMI,
	number = {8},
	publisher = {IEEE Computer Society},
	title = {{The Random Subspace Method for Constructing Decision Forests}},
	volume = {20},
	year = {1998}
}

@article{lee1992bit,
	author = {Lee, Ch L and Jen, C-W},
	journal = {IEEE Proceedings G (Circuits, Devices and Systems)},
	number = {1},
	publisher = {IET},
	title = {{Bit-Sliced Median Filter Design based on Majority Gate}},
	volume = {139},
	year = {1992}
}

@book{knuth1997art,
	author = {Knuth, Donald Ervin},
	publisher = {Pearson Education},
	title = {{The Art of Computer Programming}},
	volume = {3},
	year = {1997}
}

@article{valiant1984short,
	author = {Valiant, Leslie G.},
	journal = {Journal of Algorithms},
	number = {3},
	publisher = {Elsevier},
	title = {{Short monotone formulae for the majority function}},
	volume = {5},
	year = {1984}
}

@inproceedings{batcher1968sorting,
	author = {Batcher, Kenneth E},
	booktitle = {{Proceedings of the April 30--May 2, 1968, Spring Joint Computer Conference}},
	organization = {ACM},
	title = {{Sorting Networks and Their Applications}},
	year = {1968}
}

@phdthesis{davies2013solving,
	author = {Davies, Jessica},
	school = {University of Toronto},
	title = {{Solving MAXSAT by decoupling optimization and satisfaction}},
	year = {2013}
}

@article{love2008general,
	author = {Love, Nathaniel and Hinrichs, Timothy and Haley, David and Schkufza, Eric and Genesereth, Michael},
	publisher = {Stanford Logic Group, Computer Science Department, Stanford University},
	title = {{General Game Playing: Game Description Language Specification}},
	year = {2008}
}

@article{levesque1997golog,
	author = {Levesque, Hector J and Reiter, Raymond and Lesp{\'e}rance, Yves and Lin, Fangzhen and Scherl, Richard B},
	journal = {The Journal of Logic Programming},
	number = {1-3},
	publisher = {Elsevier},
	title = {{GOLOG: A logic programming language for dynamic domains}},
	volume = {31},
	year = {1997}
}

@article{reiter1991frame,
	author = {Reiter, Raymond},
	journal = {Artificial Intelligence and Mathematical Theory of Computation: Papers in Honor of John McCarthy},
	publisher = {Citeseer},
	title = {{The Frame Problem in the Situation Calculus: A Simple Solution (Sometimes) and a Completeness Result for Goal Regression}},
	volume = {27},
	year = {1991}
}

@incollection{mccarthy1981some,
	author = {McCarthy, John and Hayes, Patrick J},
	booktitle = {{Readings in Artificial Intelligence}},
	publisher = {Elsevier},
	title = {{Some Philosophical Problems from the Standpoint of Artificial Intelligence}},
	year = {1981}
}

@article{holte1993very,
	author = {Holte, Robert C},
	journal = {Machine learning},
	number = {1},
	publisher = {Springer},
	title = {{Very Simple Classification Rules Perform Well on Most Commonly Used Datasets}},
	volume = {11},
	year = {1993}
}

@article{letham2015interpretable,
	author = {Letham, Benjamin and Rudin, Cynthia and McCormick, Tyler H and Madigan, David and others},
	journal = {The Annals of Applied Statistics},
	number = {3},
	publisher = {Institute of Mathematical Statistics},
	title = {{Interpretable Classifiers using Rules and Bayesian Analysis: Building a Better Stroke Prediction Model}},
	volume = {9},
	year = {2015}
}

@article{friedman2008predictive,
	author = {Friedman, Jerome H and Popescu, Bogdan E and others},
	journal = {The Annals of Applied Statistics},
	number = {3},
	publisher = {Institute of Mathematical Statistics},
	title = {{Predictive Learning via Rule Ensembles}},
	volume = {2},
	year = {2008}
}

@article{fukushima1980neocognitron,
	author = {Fukushima, Kunihiko},
	journal = {Biological Cybernetics},
	number = {4},
	publisher = {Springer},
	title = {{Neocognitron: A Self-Organizing Neural Network Model for a Mechanism of Pattern Recognition Unaffected by Shift in Position}},
	volume = {36},
	year = {1980}
}

@article{helmert2009concise,
	author = {Helmert, Malte},
	journal = AIJ,
	number = {5-6},
	publisher = {Elsevier},
	title = {{Concise Finite-Domain Representations for PDDL Planning Tasks}},
	volume = {173},
	year = {2009}
}

@article{lecun1989backpropagation,
	author = {LeCun, Yann and Boser, Bernhard and Denker, John S and Henderson, Donnie and Howard, Richard E and Hubbard, Wayne and Jackel, Lawrence D},
	journal = {Neural Computation},
	number = {4},
	title = {{Backpropagation Applied to Handwritten Zip Code Recognition}},
	volume = {1},
	year = {1989}
}

@article{quinlan1986induction,
	author = {Quinlan, J. Ross},
	journal = {Machine Learning},
	number = {1},
	pages = {81--106},
	publisher = {Springer},
	title = {{Induction of Decision Trees}},
	volume = {1},
	year = {1986}
}

@article{khan2014one,
	author = {Khan, Shehroz S and Madden, Michael G},
	journal = {Knowledge Eng. Review},
	number = {3},
	pages = {345--374},
	publisher = {Cambridge University Press},
	title = {{One-class classification: taxonomy of study and review of techniques}},
	volume = {29},
	year = {2014}
}

@article{muggleton1991inductive,
	author = {Muggleton, Stephen},
	journal = {New generation computing},
	number = {4},
	pages = {295--318},
	publisher = {Springer},
	title = {{Inductive Logic Programming}},
	volume = {8},
	year = {1991}
}

@article{gebser2011potassco,
	author = {Gebser, Martin and Kaufmann, Benjamin and Kaminski, Roland and Ostrowski, Max and Schaub, Torsten and Schneider, Marius},
	journal = {AI Communications},
	number = {2},
	pages = {107--124},
	publisher = {Citeseer},
	title = {{Potassco: The Potsdam answer set solving collection}},
	volume = {24},
	year = {2011}
}

@book{pddlbook,
	author = {Haslum, Patrik and Lipovetzky, Nir and Magazzeni, Daniele and Muise, Christian},
	journal = {Synthesis Lectures on Artificial Intelligence and Machine Learning},
	number = {2},
	pages = {1--187},
	publisher = {Morgan \& Claypool Publishers},
	title = {{An Introduction to the Planning Domain Definition Language}},
	volume = {13},
	year = {2019}
}

@article{anderson1998turning,
	author = {Anderson, Marlow and Feil, Todd},
	journal = {Mathematics Magazine},
	number = {4},
	pages = {300--303},
	publisher = {Taylor \& Francis},
	title = {{Turning lights out with linear algebra}},
	volume = {71},
	year = {1998}
}

@article{Asai2020b,
	author = {Asai, Masataro and Tang, Zilu},
	journal = {arXiv preprint arXiv:1412.6980},
	title = {{Discrete Word Embedding for Logical Natural Language Understanding}},
	year = {2020}
}

@inproceedings{dong2018nlm,
	author = {Dong, Honghua and Mao, Jiayuan and Lin, Tian and Wang, Chong and Li, Lihong and Zhou, Denny},
	booktitle = ICLR,
	title = {{Neural Logic Machines}},
	year = {2019}
}

@article{thiebaux2005defense,
	author = {Thi{\'e}baux, Sylvie and Hoffmann, J{\"o}rg and Nebel, Bernhard},
	journal = AIJ,
	number = {1-2},
	pages = {38--69},
	publisher = {Elsevier},
	title = {{In Defense of PDDL Axioms}},
	volume = {168},
	year = {2005}
}

@inproceedings{james2019learning,
	author = {James, Steven and Rosman, Benjamin and Konidaris, George},
	booktitle = ICML,
	title = {{Learning Portable Representations for High-Level Planning}},
	year = {2020}
}

@inproceedings{yoon2014convolutional,
	author = {Kim, Yoon},
	booktitle = EMNLP,
	doi = {10.3115/v1/d14-1181},
	editor = {Moschitti, Alessandro and Pang, Bo and Daelemans, Walter},
	pages = {1746--1751},
	publisher = {{ACL}},
	title = {Convolutional Neural Networks for Sentence Classification},
	year = {2014}
}

@inproceedings{silver2020pddlgym,
	author = {Silver, Tom and Chitnis, Rohan},
	booktitle = PRL,
	title = {PDDLGym: Gym Environments from PDDL Problems},
	url = {https://github.com/tomsilver/pddlgym},
	year = {2020}
}

@inproceedings{redmon2017yolo9000,
	author = {Redmon, Joseph and Farhadi, Ali},
	booktitle = {Proceedings of the IEEE conference on computer vision and pattern recognition},
	pages = {7263--7271},
	title = {YOLO9000: better, faster, stronger},
	year = {2017}
}

@article{redmon2018yolov3,
	author = {Redmon, Joseph and Farhadi, Ali},
	journal = {arXiv preprint arXiv:1804.02767},
	title = {Yolov3: An incremental improvement},
	year = {2018}
}

@inproceedings{mao2019nscl,
	author = {Mao, Jiayuan and Gan, Chuang and Kohli, Pushmeet and Tenenbaum, Joshua B. and Wu, Jiajun},
	booktitle = ICLR,
	publisher = {OpenReview.net},
	title = {The Neuro-Symbolic Concept Learner: Interpreting Scenes, Words, and Sentences From Natural Supervision},
	year = {2019}
}

@inproceedings{james2020learning,
	author = {James, Steven and Rosman, Benjamin and Konidaris, George},
	booktitle = {Proceedings of Workshop on Object-Oriented Learning at ICML.},
	title = {{Learning Object-Centric Representations for High-Level Planning in Minecraft}},
	year = {2020}
}

@inproceedings{ugur2015bottom,
	author = {Ugur, Emre and Piater, Justus},
	booktitle = ICRA,
	organization = {IEEE},
	pages = {2627--2633},
	title = {{Bottom-up Learning of Object Categories, Action Effects and Logical Rules: From Continuous Manipulative Exploration to Symbolic Planning}},
	year = {2015}
}

@inproceedings{eslami2016attend,
	author = {Eslami, SM Ali and Heess, Nicolas and Weber, Theophane and Tassa, Yuval and Szepesvari, David and Hinton, Geoffrey E and others},
	booktitle = NIPS,
	pages = {3225--3233},
	title = {{Attend, Infer, Repeat: Fast Scene Understanding with Generative Models}},
	year = {2016}
}

@inproceedings{xu2019variational,
	author = {Xu, Kai and Srivastava, Akash and Sutton, Charles},
	booktitle = {International Conference on Machine Learning},
	pages = {6963--6972},
	title = {{Variational Russian Roulette for Deep Bayesian Nonparametrics}},
	year = {2019}
}

@inproceedings{engelcke2019genesis,
	author = {Engelcke, Martin and Kosiorek, Adam R and Jones, Oiwi Parker and Posner, Ingmar},
	booktitle = ICLR,
	title = {{GENESIS: Generative Scene Inference and Sampling with Object-Centric Latent Representations}},
	year = 2020
}

@inproceedings{greff2019iodine,
	author = {Greff, Klaus and Kaufman, Rapha{\"e}l Lopez and Kabra, Rishabh and Watters, Nick and Burgess, Christopher and Zoran, Daniel and Matthey, Loic and Botvinick, Matthew and Lerchner, Alexander},
	booktitle = ICML,
	pages = {2424--2433},
	title = {{Multi-Object Representation Learning with Iterative Variational Inference}},
	year = {2019}
}

@inproceedings{andersen2017active,
	author = {Andersen, Garrett and Konidaris, George},
	booktitle = NIPS,
	pages = {5009--5019},
	title = {{Active Exploration for Learning Symbolic Representations}},
	year = {2017}
}

@inproceedings{xu2019regression,
	author = {Xu, Danfei and Mart{\'\i}n-Mart{\'\i}n, Roberto and Huang, De-An and Zhu, Yuke and Savarese, Silvio and Fei-Fei, Li F},
	booktitle = {Advances in Neural Information Processing Systems},
	pages = {1319--1329},
	title = {{Regression Planning Networks}},
	year = {2019}
}

@inproceedings{huang2019continuous,
	author = {Huang, De-An and Xu, Danfei and Zhu, Yuke and Garg, Animesh and Savarese, Silvio and Fei-Fei, Li and Niebles, Juan Carlos},
	booktitle = IROS,
	organization = {IEEE},
	pages = {2635--2642},
	title = {{Continuous Relaxation of Symbolic Planner for One-Shot Imitation Learning}},
	year = {2019}
}

@inproceedings{rivlin2020generalized,
	author = {Rivlin, Or and Hazan, Tamir and Karpas, Erez},
	booktitle = PRL,
	title = {Generalized Planning With Deep Reinforcement Learning},
	year = {2019}
}

@article{fox2003pddl2,
	author = {Fox, Maria and Long, Derek},
	journal = {Journal of artificial intelligence research},
	pages = {61--124},
	title = {PDDL2. 1: An extension to PDDL for expressing temporal planning domains},
	volume = {20},
	year = {2003}
}

@article{fox2006modelling,
	author = {Fox, Maria and Long, Derek},
	journal = {Journal of Artificial Intelligence Research},
	pages = {235--297},
	title = {Modelling mixed discrete-continuous domains for planning},
	volume = {27},
	year = {2006}
}

@inproceedings{huang2017densely,
	author = {Huang, Gao and Liu, Zhuang and {Van Der Maaten}, Laurens and Weinberger, Kilian Q},
	booktitle = CVPR,
	pages = {4700--4708},
	title = {{Densely Connected Convolutional Networks}},
	year = {2017}
}

@inproceedings{wang2019symmetric,
	author = {Wang, Yisen and Ma, Xingjun and Chen, Zaiyi and Luo, Yuan and Yi, Jinfeng and Bailey, James},
	booktitle = CVPR,
	pages = {322--330},
	title = {{Symmetric Cross Entropy for Robust Learning with Noisy Labels}},
	year = {2019}
}

@article{younes2004ppddl1,
	author = {Younes, H{\aa}kan LS and Littman, Michael L},
	journal = {Techn. Rep. CMU-CS-04-162},
	pages = {99},
	title = {{PPDDL1. 0: An Extension to PDDL for Expressing Planning Domains with Probabilistic Effects}},
	volume = {2},
	year = {2004}
}

@incollection{pednault1987adl,
	author = {Pednault, Edwin PD},
	booktitle = {Reasoning about actions \& plans},
	pages = {47--82},
	publisher = {Elsevier},
	title = {{Formulating Multiagent, Dynamic-World Problems in the Classical Planning Framework}},
	year = {1987}
}

@inproceedings{nair2010relu,
	author = {Nair, Vinod and Hinton, Geoffrey E},
	booktitle = ICML,
	title = {{Rectified Linear Units Improve Restricted Boltzmann Machines}},
	year = {2010}
}

@article{kalman1960new,
	author = {Kalman, Rudolph Emil},
	title = {A new approach to linear filtering and prediction problems},
	year = {1960}
}

@inproceedings{chen2016infogan,
	author = {Chen, Xi and Duan, Yan and Houthooft, Rein and Schulman, John and Sutskever, Ilya and Abbeel, Pieter},
	booktitle = NIPS,
	pages = {2172--2180},
	title = {{InfoGAN: Interpretable Representation Learning by Information Maximizing Generative Adversarial Nets}},
	year = {2016}
}

@inproceedings{zhao2018unsupervised,
	author = {Zhao, Tiancheng and Lee, Kyusong and Esk{\'e}nazi, Maxine},
	booktitle = ACL,
	pages = {1098--1107},
	title = {{Unsupervised Discrete Sentence Representation Learning for Interpretable Neural Dialog Generation}},
	year = {2018}
}

@inproceedings{chen2018isolating,
	author = {Chen, Tian Qi and Li, Xuechen and Grosse, Roger B and Duvenaud, David K},
	booktitle = NIPS,
	pages = {2610--2620},
	title = {{Isolating Sources of Disentanglement in Variational Autoencoders}},
	year = {2018}
}

@inproceedings{kim2018disentangling,
	author = {Kim, Hyunjik and Mnih, Andriy},
	booktitle = ICML,
	pages = {2649--2658},
	pdf = {http://proceedings.mlr.press/v80/kim18b/kim18b.pdf},
	series = {{Proceedings of Machine Learning Research}},
	title = {{Disentangling by Factorising}},
	volume = {80},
	year = {2018}
}

@inproceedings{banarescu2013abstract,
	author = {Banarescu, Laura and Bonial, Claire and Cai, Shu and Georgescu, Madalina and Griffitt, Kira and Hermjakob, Ulf and Knight, Kevin and Koehn, Philipp and Palmer, Martha and Schneider, Nathan},
	booktitle = {{Proc. of the 7th Linguistic Annotation Workshop and Interoperability with Discourse}},
	pages = {178--186},
	title = {{Abstract Meaning Representation for Sembanking}},
	year = {2013}
}

@inproceedings{jones2012semantics,
	author = {Jones, Bevan and Andreas, Jacob and Bauer, Daniel and Hermann, Karl Moritz and Knight, Kevin},
	booktitle = COLING,
	pages = {1359--1376},
	title = {{Semantics-Based Machine Translation with Hyperedge Replacement Grammars}},
	year = {2012}
}

@inproceedings{linzen2016issues,
	author = {Linzen, Tal},
	booktitle = {{Proceedings of the 1st Workshop on Evaluating Vector-Space Representations for {NLP}}},
	pages = {13--18},
	title = {{Issues in Evaluating Semantic Spaces using Word Analogies}},
	year = {2016}
}

@inproceedings{gladkova2016intrinsic,
	author = {Gladkova, Anna and Drozd, Aleksandr},
	booktitle = {{Proceedings of the 1st Workshop on Evaluating Vector-Space Representations for NLP}},
	pages = {36--42},
	title = {{Intrinsic Evaluations of Word Embeddings: What Can We Do Better?}},
	year = {2016}
}

@inproceedings{clark2007combining,
	author = {Clark, Stephen and Pulman, Stephen},
	booktitle = {{Quantum Interaction, Papers from the 2007 {AAAI} Spring Symposium, Technical Report SS-07-08, Stanford, California, USA, March 26-28, 2007}},
	pages = {52--55},
	title = {{Combining Symbolic and Distributional Models of Meaning}},
	year = {2007}
}

@inproceedings{rieser2009natural,
	author = {Rieser, Verena and Lemon, Oliver},
	booktitle = {{Proceedings of the 12th Conference of the {E}uropean Chapter of the {ACL} ({EACL} 2009)}},
	pages = {683--691},
	title = {{Natural Language Generation as Planning Under Uncertainty for Spoken Dialogue Systems}},
	year = {2009}
}

@inproceedings{geib2007on,
	author = {Geib, Christopher W. and Steedman, Mark},
	booktitle = IJCAI,
	pages = {1612--1617},
	title = {{On Natural Language Processing and Plan Recognition}},
	year = {2007}
}

@article{kaiser2018discrete,
	archiveprefix = {arXiv},
	author = {Kaiser, Lukasz and Bengio, Samy},
	journal = {CoRR},
	title = {{Discrete Autoencoders for Sequence Models}},
	volume = {abs/1801.09797},
	year = {2018}
}

@inproceedings{dyer2016recurrent,
	author = {Dyer, Chris and Kuncoro, Adhiguna and Ballesteros, Miguel and Smith, Noah A},
	booktitle = NAACL,
	pages = {199--209},
	title = {{Recurrent Neural Network Grammars}},
	year = {2016}
}

@inproceedings{faruqui2016problems,
	author = {Faruqui, Manaal and Tsvetkov, Yulia and Rastogi, Pushpendre and Dyer, Chris},
	booktitle = {{Proceedings of the 1st Workshop on Evaluating Vector-Space Representations for {NLP}}},
	pages = {30--35},
	title = {{Problems With Evaluation of Word Embeddings Using Word Similarity Tasks}},
	year = {2016}
}

@inproceedings{mikolov2013distributed,
	author = {Mikolov, Tomas and Sutskever, Ilya and Chen, Kai and Corrado, Greg S and Dean, Jeff},
	booktitle = NIPS,
	pages = {3111--3119},
	title = {{Distributed Representations of Words and Phrases and Their Compositionality}},
	year = {2013}
}

@inproceedings{yogatama2014linguistic,
	author = {Yogatama, Dani and Smith, Noah A},
	booktitle = ACL,
	pages = {786--796},
	title = {{Linguistic Structured Sparsity in Text Categorization}},
	year = {2014}
}

@inproceedings{finley2017analogies,
	author = {Finley, Gregory and Farmer, Stephanie and Pakhomov, Serguei},
	booktitle = SEM,
	pages = {1--11},
	title = {{What Analogies Reveal about Word Vectors and their Compositionality}},
	year = {2017}
}

@inproceedings{tsvetkov2015evaluation,
	author = {Tsvetkov, Yulia and Faruqui, Manaal and Ling, Wang and Lample, Guillaume and Dyer, Chris},
	booktitle = EMNLP,
	pages = {2049--2054},
	title = {{Evaluation of Word Vector Representations by Subspace Alignment}},
	year = {2015}
}

@inproceedings{mathew2020polar,
	author = {Mathew, Binny and Sikdar, Sandipan and Lemmerich, Florian and Strohmaier, Markus},
	booktitle = {{Proceedings of The Web Conference 2020}},
	pages = {1548--1558},
	title = {{The POLAR Framework: Polar Opposites Enable Interpretability of Pre-Trained Word Embeddings}},
	year = {2020}
}

@inproceedings{barkan2017bayesian,
	author = {Barkan, Oren},
	booktitle = AAAI,
	title = {{Bayesian Neural Word Embedding}},
	year = {2017}
}

@inproceedings{vilnis2015word,
	author = {Vilnis, Luke and McCallum, Andrew},
	booktitle = ICLR,
	title = {{Word Representations via Gaussian Embedding}},
	year = {2015}
}

@inproceedings{meng2019sperical,
	author = {Meng, Yu and Huang, Jiaxin and Wang, Guangyuan and Zhang, Chao and Zhuang, Honglei and Kaplan, Lance M. and Han, Jiawei},
	booktitle = NIPS,
	pages = {8206--8215},
	title = {{Spherical Text Embedding}},
	year = {2019}
}

@article{nissim2019fair,
	author = {Nissim, Malvina and van Noord, Rik and van der Goot, Rob},
	journal = {Computational Linguistics},
	title = {{Fair is Better than Sensational: Man is to Doctor as Woman is to Doctor}},
	volume = {Just Accepted},
	year = {2020}
}

@inproceedings{xing2015normalized,
	author = {Xing, Chao and Wang, Dong and Liu, Chao and Lin, Yiye},
	booktitle = NAACL,
	pages = {1006--1011},
	title = {{Normalized Word Embedding and Orthogonal Transform for Bilingual Word Translation}},
	year = {2015}
}

@inproceedings{wang2015transition,
	author = {Wang, Chuan and Xue, Nianwen and Pradhan, Sameer},
	booktitle = NAACL,
	pages = {366--375},
	title = {{A Transition-based Algorithm for {AMR} Parsing}},
	year = {2015}
}

@inproceedings{flanigan2014discriminative,
	author = {Flanigan, Jeffrey and Thomson, Sam and Carbonell, Jaime G. and Dyer, Chris and Smith, Noah A.},
	booktitle = ACL,
	pages = {1426--1436},
	title = {{A Discriminative Graph-Based Parser for the Abstract Meaning Representation}},
	year = {2014}
}

@article{russell1919atomism,
	author = {Russell, Bertrand},
	journal = {The Monist},
	pages = {345--380},
	title = {{The Philosophy of Logical Atomism}},
	year = {1919}
}

@book{wittgenstein1922tractatus,
	author = {Wittgenstein, Ludwig},
	title = {{Tractatus Logico Philosophicus}},
	year = {1922}
}

@inproceedings{chen2018kway,
	author = {Chen, Ting and Min, Martin Renqiang and Sun, Yizhou},
	booktitle = ICML,
	pages = {853--862},
	series = {{Proceedings of Machine Learning Research}},
	title = {{Learning K-way D-dimensional Discrete Codes for Compact Embedding Representations}},
	volume = {80},
	year = {2018}
}

@article{schakel2015measuring,
	archiveprefix = {arXiv},
	author = {Schakel, Adriaan M. J. and Wilson, Benjamin J.},
	journal = {CoRR},
	title = {{Measuring Word Significance using Distributed Representations of Words}},
	volume = {abs/1508.02297},
	year = {2015}
}

@article{wilson2015controlled,
	archiveprefix = {arXiv},
	author = {Wilson, Benjamin J. and Schakel, Adriaan M. J.},
	journal = {CoRR},
	title = {{Controlled Experiments for Word Embeddings}},
	volume = {abs/1510.02675},
	year = {2015}
}

@inproceedings{devlin2018bert,
	author = {Devlin, Jacob and Chang, Ming{-}Wei and Lee, Kenton and Toutanova, Kristina},
	booktitle = NAACL,
	pages = {4171--4186},
	title = {{BERT: Pre-training of Deep Bidirectional Transformers for Language Understanding}},
	year = {2019}
}

@article{radford2019language,
	author = {Radford, Alec and Wu, Jeffrey and Child, Rewon and Luan, David and Amodei, Dario and Sutskever, Ilya},
	journal = {OpenAI Blog},
	number = {8},
	pages = {9},
	title = {{Language Models are Unsupervised Multitask Learners}},
	volume = {1},
	year = {2019}
}

@inproceedings{jia2017adversarial,
	author = {Jia, Robin and Liang, Percy},
	booktitle = EMNLP,
	pages = {2021--2031},
	title = {{Adversarial Examples for Evaluating Reading Comprehension Systems}},
	year = {2017}
}

@inproceedings{neishi2017bagoftrick,
	author = {Neishi, Masato and Sakuma, Jin and Tohda, Satoshi and Ishiwatari, Shonosuke and Yoshinaga, Naoki and Toyoda, Masashi},
	booktitle = {{Proceedings of the 4th Workshop on Asian Translation}},
	pages = {99--109},
	title = {{A Bag of Useful Tricks for Practical Neural Machine Translation: Embedding Layer Initialization and Large Batch Size}},
	year = {2017}
}

@inproceedings{kocmi2017initialization,
	author = {Kocmi, Tom and Bojar, Ondrej},
	booktitle = {{Proceedings of the 14th International Conference on Natural Language Processing, {ICON}}},
	pages = {56--64},
	title = {{An Exploration of Word Embedding Initialization in Deep-Learning Tasks}},
	year = {2017}
}

@inproceedings{cho2014gru,
	author = {Cho, Kyunghyun and van Merrienboer, Bart and G{\"u}l{\c c}ehre, {\c C}aglar and Bahdanau, Dzmitry and Bougares, Fethi and Schwenk, Holger and Bengio, Yoshua},
	booktitle = EMNLP,
	pages = {1724--1734},
	title = {{Learning Phrase Representations using {RNN} Encoder-Decoder for Statistical Machine Translation}},
	year = {2014}
}

@article{pearson1901liii,
	author = {Pearson, Karl},
	journal = {The London, Edinburgh, and Dublin Philosophical Magazine and Journal of Science},
	number = {11},
	pages = {559--572},
	title = {{LIII. On Lines and Planes of Closest Fit to Systems of Points in Space}},
	volume = {2},
	year = {1901}
}

@inproceedings{mikolov2013cbow,
	author = {Mikolov, Tomas and Chen, Kai and Corrado, Greg and Dean, Jeffrey},
	booktitle = ICLR,
	title = {{Efficient Estimation of Word Representations in Vector Space}},
	year = {2013}
}

@inproceedings{levy2014linguistic,
	author = {Levy, Omer and Goldberg, Yoav},
	booktitle = CoNLL,
	pages = {171--180},
	title = {{Linguistic Regularities in Sparse and Explicit Word Representations}},
	year = {2014}
}

@inproceedings{bolukbasi2016man,
	author = {Bolukbasi, Tolga and Chang, Kai{-}Wei and Zou, James Y. and Saligrama, Venkatesh and Kalai, Adam Tauman},
	booktitle = NIPS,
	numpages = {9},
	pages = {4349--4357},
	title = {{Man is to Computer Programmer as Woman is to Homemaker? Debiasing Word Embeddings}},
	year = {2016}
}

@inproceedings{vandeoord2017neural,
	author = {van den Oord, Aaron and Vinyals, Oriol and Kavukcuoglu, Koray},
	booktitle = NIPS,
	pages = {6306--6315},
	title = {{Neural Discrete Representation Learning}},
	year = {2017}
}

@article{wermter1989hybrid,
	author = {Wermter, Stefan and Lehnert, Wendy G},
	journal = {Connection Science},
	number = {3},
	pages = {255--272},
	publisher = {Taylor \& Francis},
	title = {{A Hybrid Symbolic/Connectionist Model for Noun Phrase Understanding}},
	volume = {1},
	year = {1989}
}

@article{towell1994knowledge,
	author = {Towell, Geoffrey G and Shavlik, Jude W},
	journal = AIJ,
	number = {1-2},
	pages = {119--165},
	title = {{Knowledge-Based Artificial Neural Networks}},
	volume = {70},
	year = {1994}
}

@book{ghallab2004automated,
	author = {Ghallab, Malik and Nau, Dana and Traverso, Paolo},
	publisher = {Elsevier},
	title = {{Automated Planning: Theory and Practice}},
	year = {2004}
}

@inproceedings{segovia2017generating,
	author = {Segovia-Aguas, Javier and Jim{\'e}nez, Sergio and Jonsson, Anders},
	booktitle = IJCAI,
	title = {{Generating Context-Free Grammars using Classical Planning}},
	year = {2017}
}

@article{emil2009soft,
	author = {Keyder, Emil and Geffner, Hector},
	doi = {10.1613/jair.2857},
	journal = JAIR,
	pages = {547--556},
	title = {Soft Goals Can Be Compiled Away},
	volume = {36},
	year = {2009}
}

@article{caliskan2017semantics,
	author = {Caliskan, Aylin and Bryson, Joanna J and Narayanan, Arvind},
	journal = {Science},
	number = {6334},
	pages = {183--186},
	publisher = {American Association for the Advancement of Science},
	title = {Semantics derived automatically from language corpora contain human-like biases},
	volume = {356},
	year = {2017}
}

@inproceedings{kai2015treelstm,
	author = {Tai, Kai Sheng and Socher, Richard and Manning, Christopher D.},
	booktitle = ACL,
	doi = {10.3115/v1/p15-1150},
	pages = {1556--1566},
	publisher = {The Association for Computer Linguistics},
	title = {{Improved Semantic Representations From Tree-Structured Long Short-Term Memory Networks}},
	year = {2015}
}

@article{gpt3,
	archiveprefix = {arXiv},
	author = {Brown, Tom B. and Mann, Benjamin and Ryder, Nick and Subbiah, Melanie and Kaplan, Jared and Dhariwal, Prafulla and Neelakantan, Arvind and Shyam, Pranav and Sastry, Girish and Askell, Amanda and Agarwal, Sandhini and Herbert{-}Voss, Ariel and Krueger, Gretchen and Henighan, Tom and Child, Rewon and Ramesh, Aditya and Ziegler, Daniel M. and Wu, Jeffrey and Winter, Clemens and Hesse, Christopher and Chen, Mark and Sigler, Eric and Litwin, Mateusz and Gray, Scott and Chess, Benjamin and Clark, Jack and Berner, Christopher and McCandlish, Sam and Radford, Alec and Sutskever, Ilya and Amodei, Dario},
	eprint = {2005.14165},
	journal = {CoRR},
	title = {{Language Models are Few-Shot Learners}},
	volume = {abs/2005.14165},
	year = {2020}
}

@article{neil2020limit,
	archiveprefix = {arXiv},
	author = {Thompson, Neil C. and Greenewald, Kristjan and Lee, Keeheon and Manso, Gabriel F.},
	eprint = {2007.05558},
	journal = {CoRR},
	title = {{The Computational Limits of Deep Learning}},
	volume = {abs/2007.05558},
	year = {2020}
}

@inproceedings{kim2019compound,
	author = {Kim, Yoon and Dyer, Chris and Rush, Alexander M},
	booktitle = ACL,
	pages = {2369--2385},
	title = {{Compound Probabilistic Context-Free Grammars for Grammar Induction}},
	year = {2019}
}

@proceedings{muise-lipovetzky-2016,
	editor = {Muise, Christian and Lipovetzky, Nir},
	title = {Unsolvability {International} {Planning} {Competition}: Planner Abstracts},
	year = {2016}
}

@misc{gpt3-turing-test,
	author = {Lacker, Kevin},
	title = {{Giving GPT-3 a Turing Test}},
	year = {2020}
}

@article{brooks1991intelligence,
	author = {Brooks, Rodney A},
	title = {{Intelligence Without Reason}},
	year = {1991}
}

@inproceedings{ng1999policy,
	author = {Ng, Andrew Y and Harada, Daishi and Russell, Stuart},
	booktitle = ICML,
	pages = {278--287},
	title = {{Policy Invariance under Reward Transformations: Theory and Application to Reward Shaping}},
	volume = {99},
	year = {1999}
}

@article{wiewiora2003potential,
	author = {Wiewiora, Eric},
	journal = JAIR,
	pages = {205--208},
	title = {Potential-based shaping and Q-value initialization are equivalent},
	volume = {19},
	year = {2003}
}

@article{barto1995learning,
	author = {Barto, Andrew G and Bradtke, Steven J and Singh, Satinder P},
	journal = AIJ,
	number = {1-2},
	pages = {81--138},
	publisher = {Elsevier},
	title = {Learning to act using real-time dynamic programming},
	volume = {72},
	year = {1995}
}

@inproceedings{ernandes2004likely,
	author = {Ernandes, Marco and Gori, Marco},
	booktitle = ECAI,
	organization = {Citeseer},
	pages = {613},
	title = {{Likely-Admissible and Sub-Symbolic Heuristics}},
	volume = {16},
	year = {2004}
}

@inproceedings{shen2020learning,
	author = {Shen, William and Trevizan, Felipe and Thi{\'e}baux, Sylvie},
	booktitle = ICAPS,
	pages = {574--584},
	title = {{Learning Domain-Independent Planning Heuristics with Hypergraph Networks}},
	volume = {30},
	year = {2020}
}

@inproceedings{marom2020utilising,
	author = {Marom, Ofir and Rosman, Benjamin},
	booktitle = ICAPS,
	pages = {560--568},
	title = {{Utilising Uncertainty for Efficient Learning of Likely-Admissible Heuristics}},
	volume = {30},
	year = {2020}
}

@article{cortes1995support,
	author = {Cortes, Corinna and Vapnik, Vladimir},
	journal = {Machine learning},
	number = {3},
	pages = {273--297},
	publisher = {Springer},
	title = {{Support-Vector Networks}},
	volume = {20},
	year = {1995}
}

@article{mcaleer2018solving,
	author = {McAleer, Stephen and Agostinelli, Forest and Shmakov, Alexander and Baldi, Pierre},
	journal = {arXiv preprint arXiv:1805.07470},
	title = {{Solving the Rubik's Cube Without Human Knowledge}},
	year = {2018}
}

@article{agostinelli2019solving,
	author = {Agostinelli, Forest and McAleer, Stephen and Shmakov, Alexander and Baldi, Pierre},
	journal = {Nature Machine Intelligence},
	number = {8},
	pages = {356--363},
	publisher = {Nature Publishing Group},
	title = {{Solving the Rubik{\rq}s Cube with Deep Reinforcement Learning and Search}},
	volume = {1},
	year = {2019}
}

@inproceedings{henderson2018deep,
	author = {Henderson, Peter and Islam, Riashat and Bachman, Philip and Pineau, Joelle and Precup, Doina and Meger, David},
	booktitle = AAAI,
	number = {1},
	title = {Deep reinforcement learning that matters},
	volume = {32},
	year = {2018}
}

@article{hilgard1966theories,
	author = {Hilgard, Ernest R and Bower, Gordon H},
	publisher = {Appleton-Century-Crofts},
	title = {{Theories of Learning}},
	year = {1966}
}

@inproceedings{junyent2018improving,
	author = {Junyent, Miquel and Jonsson, Anders and G{\'o}mez, Vicen{\c c}},
	booktitle = {ICML / IJCAI / AAMAS 2018 Workshop on Planning and Learning (PAL-18)},
	title = {{Improving Width-Based Planning with Compact Policies}},
	year = {2018}
}

@incollection{grounds2005combining,
	author = {Grounds, Matthew and Kudenko, Daniel},
	booktitle = {Adaptive Agents and Multi-Agent Systems III. Adaptation and Multi-Agent Learning},
	pages = {75--86},
	publisher = {Springer},
	title = {{Combining Reinforcement Learning with Symbolic Planning}},
	year = {2005}
}

@inproceedings{bandres2018planning,
	author = {Bandres, Wilmer and Bonet, Blai and Geffner, Hector},
	booktitle = AAAI,
	number = {1},
	title = {{Planning with Pixels in (Almost) Real Time}},
	volume = {32},
	year = {2018}
}

@article{bellemare2013arcade,
	author = {Bellemare, Marc G and Naddaf, Yavar and Veness, Joel and Bowling, Michael},
	journal = JAIR,
	pages = {253--279},
	title = {{The Arcade Learning Environment: An Evaluation Platform for General Agents}},
	volume = {47},
	year = {2013}
}

@inproceedings{thayer2011learning,
	author = {Thayer, Jordan and Dionne, Austin and Ruml, Wheeler},
	booktitle = ICAPS,
	number = {1},
	title = {{Learning Inadmissible Heuristics during Search}},
	volume = {21},
	year = {2011}
}

@book{sutton2018reinforcement,
	author = {Sutton, Richard S and Barto, Andrew G},
	publisher = {MIT press},
	title = {{Reinforcement Learning: An Introduction}},
	year = {2018}
}

@inproceedings{riedmiller2005neural,
	author = {Riedmiller, Martin},
	booktitle = {European Conference on Machine Learning},
	organization = {Springer},
	pages = {317--328},
	title = {{Neural Fitted Q Iteration--First Experiences with a Data Efficient Neural Reinforcement Learning Method}},
	year = {2005}
}

@inproceedings{glorot2010understanding,
	author = {Glorot, Xavier and Bengio, Yoshua},
	booktitle = AISTATS,
	organization = {JMLR Workshop and Conference Proceedings},
	pages = {249--256},
	title = {{Understanding the difficulty of training deep feedforward neural networks}},
	year = {2010}
}

@inproceedings{badia2020agent57,
	author = {Badia, Adri{\`a} Puigdom{\`e}nech and Piot, Bilal and Kapturowski, Steven and Sprechmann, Pablo and Vitvitskyi, Alex and Guo, Zhaohan Daniel and Blundell, Charles},
	booktitle = ICML,
	organization = {PMLR},
	pages = {507--517},
	title = {{Agent57: Outperforming the Atari Human Benchmark}},
	year = {2020}
}

@inproceedings{harabor2011online,
	author = {Harabor, Daniel and Grastien, Alban},
	booktitle = AAAI,
	number = {1},
	title = {{Online Graph Pruning for Pathfinding on Grid Maps}},
	volume = {25},
	year = {2011}
}

@article{schulman2017proximal,
	author = {Schulman, John and Wolski, Filip and Dhariwal, Prafulla and Radford, Alec and Klimov, Oleg},
	journal = {arXiv preprint arXiv:1707.06347},
	title = {{Proximal Policy Optimization Algorithms}},
	year = {2017}
}

@inproceedings{toyer2018action,
	author = {Toyer, Sam and Trevizan, Felipe and Thi{\'e}baux, Sylvie and Xie, Lexing},
	booktitle = AAAI,
	number = {1},
	title = {{Action Schema Networks: Generalised Policies with Deep Learning}},
	volume = {32},
	year = {2018}
}

@article{backstrom-klein-compint1991,
	author = {B{\"a}ckstr{\"o}m, Christer and Klein, Inger},
	journal = COMPINT,
	number = {3},
	pages = {181--197},
	title = {Planning in polynomial time: the {SAS-PUBS} class},
	volume = {7},
	year = {1991}
}

@article{erol-et-al-aij1995,
	author = {Erol, Kutluhan and Nau, Dana S. and Subrahmanian, V. S.},
	journal = AIJ,
	number = {1--2},
	pages = {75--88},
	title = {Complexity, Decidability and Undecidability Results for Domain-Independent Planning},
	volume = {76},
	year = {1995}
}

% Data verified.

@article{jonsson-backstrom-aij1998,
	author = {Jonsson, Peter and B{\"a}ckstr{\"o}m, Christer},
	journal = AIJ,
	number = {1--2},
	pages = {125--176},
	title = {State-Variable Planning under Structural Restrictions: {Algorithms} and Complexity},
	volume = {100},
	year = {1998}
}

% Data from first author's homepage:
% - http://www.ida.liu.se/~petej/Research/article.html

@article{jonsson-backstrom-amai1998,
	author = {Jonsson, Peter and B{\"a}ckstr{\"o}m, Christer},
	journal = AMAI,
	number = {3,4},
	pages = {281--296},
	title = {Tractable Plan Existence Does Not Imply Tractable Plan Generation},
	volume = {22},
	year = {1998}
}

@article{katz-domshlak-jair2008,
	author = {Katz, Michael and Domshlak, Carmel},
	journal = JAIR,
	pages = {203--288},
	title = {New Islands of Tractability of Cost-Optimal Planning},
	volume = {32},
	year = {2008}
}

@inproceedings{katz-domshlak-icaps2008b,
	author = {Katz, Michael and Domshlak, Carmel},
	booktitle = ICAPS,
	pages = {182--189},
	title = {Structural Patterns Heuristics via Fork Decomposition},
	year = {2008}
}

@inproceedings{katz-keyder-aaai2012,
	author = {Katz, Michael and Keyder, Emil},
	booktitle = AAAI,
	pages = {1779--1785},
	title = {Structural Patterns Beyond Forks: Extending the Complexity Boundaries of Classical Planning},
	year = {2012}
}

@inproceedings{keyder-et-al-icaps2012,
	author = {Keyder, Emil and Hoffmann, J{\"o}rg and Haslum, Patrik},
	booktitle = ICAPS,
	pages = {128--136},
	title = {Semi-Relaxed Plan Heuristics},
	year = {2012}
}

@article{brafman-domshlak-jair2003,
	author = {Brafman, Ronen I. and Domshlak, Carmel},
	journal = JAIR,
	pages = {315--349},
	title = {Structure and Complexity in Planning with Unary Operators},
	volume = {18},
	year = {2003}
}

@techreport{lin1993reinforcement,
	author = {Lin, Long-Ji},
	institution = {Carnegie-Mellon Univ Pittsburgh PA School of Computer Science},
	title = {{Reinforcement Learning for Robots using Neural Networks}},
	year = {1993}
}

@inproceedings{trpo,
	author = {Schulman, John and Levine, Sergey and Abbeel, Pieter and Jordan, Michael and Moritz, Philipp},
	booktitle = ICML,
	organization = {PMLR},
	pages = {1889--1897},
	title = {{Trust Region Policy Optimization}},
	year = {2015}
}

@inproceedings{ddpg,
	author = {Lillicrap, Timothy P and Hunt, Jonathan J and Pritzel, Alexander and Heess, Nicolas and Erez, Tom and Tassa, Yuval and Silver, David and Wierstra, Daan},
	booktitle = ICLR,
	title = {{Continuous Control with Deep Reinforcement Learning}},
	year = {2016}
}

@article{muzero,
	author = {Schrittwieser, Julian and Antonoglou, Ioannis and Hubert, Thomas and Simonyan, Karen and Sifre, Laurent and Schmitt, Simon and Guez, Arthur and Lockhart, Edward and Hassabis, Demis and Graepel, Thore and others},
	journal = {Nature},
	number = {7839},
	pages = {604--609},
	publisher = {Nature Publishing Group},
	title = {{Mastering Atari, Go, Chess and Shogi by Planning with a Learned Model}},
	volume = {588},
	year = {2020}
}

@inproceedings{a2c,
	author = {Mnih, Volodymyr and Badia, Adria Puigdomenech and Mirza, Mehdi and Graves, Alex and Lillicrap, Timothy and Harley, Tim and Silver, David and Kavukcuoglu, Koray},
	booktitle = ICML,
	organization = {PMLR},
	pages = {1928--1937},
	title = {{Asynchronous Methods for Deep Reinforcement Learning}},
	year = {2016}
}

@article{alphagozero,
	author = {Silver, David and Schrittwieser, Julian and Simonyan, Karen and Antonoglou, Ioannis and Huang, Aja and Guez, Arthur and Hubert, Thomas and Baker, Lucas and Lai, Matthew and Bolton, Adrian and others},
	journal = {Nature},
	number = {7676},
	pages = {354--359},
	publisher = {Nature Publishing Group},
	title = {{Mastering the Game of Go without Human Knowledge}},
	volume = {550},
	year = {2017}
}

@article{junghanns00sokoban,
	author = {Junghanns, Andreas and Schaeffer, Jonathan},
	journal = AIJ,
	title = {{Sokoban: A Case-Study in the Application of Domain Knowledge in General Search Enhancements to Increase Efficiency in Single-Agent Search}},
	year = {2000}
}

@article{jimenez2019review,
	author = {Jim{\'e}nez, Sergio and Segovia-Aguas, Javier and Jonsson, Anders},
	journal = {The Knowledge Engineering Review},
	number = {e5},
	pages = {1--28},
	publisher = {Cambridge University Press},
	title = {A review of generalized planning},
	volume = {34},
	year = {2019}
}

@inproceedings{schaul2015universal,
	author = {Schaul, Tom and Horgan, Daniel and Gregor, Karol and Silver, David},
	booktitle = ICML,
	organization = {PMLR},
	pages = {1312--1320},
	title = {{Universal Value Function Approximators}},
	year = {2015}
}

@article{fern2011first,
	author = {Fern, Alan and Khardon, Roni and Tadepalli, Prasad},
	journal = {Machine Learning},
	number = {1-2},
	pages = {81--107},
	publisher = {Springer},
	title = {The first learning track of the international planning competition},
	volume = {84},
	year = {2011}
}

@software{jax2018github,
	author = {Bradbury, James and Frostig, Roy and Hawkins, Peter and Johnson, Matthew James and Leary, Chris and Maclaurin, Dougal and Necula, George and Paszke, Adam and Vander{P}las, Jake and Wanderman-{M}ilne, Skye and Zhang, Qiao},
	title = {{JAX}: composable transformations of {P}ython+{N}um{P}y programs},
	version = {0.2.5},
	year = {2018}
}

@inproceedings{yoon2006learning,
	author = {Yoon, Sung Wook and Fern, Alan and Givan, Robert},
	booktitle = ICAPS,
	pages = {3},
	title = {{Learning Heuristic Functions from Relaxed Plans.}},
	volume = {2},
	year = {2006}
}

@article{yoon2008learning,
	author = {Yoon, Sungwook and Fern, Alan and Givan, Robert},
	journal = {Journal of Machine Learning Research},
	number = {4},
	title = {{Learning Control Knowledge for Forward Search Planning.}},
	volume = {9},
	year = {2008}
}

@inproceedings{garrett2016learning,
	author = {Garrett, Caelan Reed and Kaelbling, Leslie Pack and Lozano-P{\'e}rez, Tom{\'a}s},
	booktitle = IJCAI,
	pages = {3089--3095},
	title = {{Learning to Rank for Synthesizing Planning Heuristics}},
	year = {2016}
}

@inproceedings{ma2020online,
	author = {Ma, Tengfei and Ferber, Patrick and Huo, Siyu and Chen, Jie and Katz, Michael},
	booktitle = AAAI,
	number = {04},
	pages = {5077--5084},
	title = {{Online Planner Selection with Graph Neural Networks and Adaptive Scheduling}},
	volume = {34},
	year = {2020}
}

@inproceedings{hogg2010learning,
	author = {Hogg, Chad and Kuter, Ugur and Munoz-Avila, Hector},
	booktitle = AAAI,
	number = {1},
	title = {{Learning Methods to Generate Good Plans: Integrating HTN Learning and Reinforcement Learning}},
	volume = {24},
	year = {2010}
}

@inproceedings{sievers2019deep,
	author = {Sievers, Silvan and Katz, Michael and Sohrabi, Shirin and Samulowitz, Horst and Ferber, Patrick},
	booktitle = AAAI,
	number = {01},
	pages = {7715--7723},
	title = {{Deep Learning for Cost-Optimal Planning: Task-Dependent Planner Selection}},
	volume = {33},
	year = {2019}
}

@inproceedings{ferber-et-al-ecai2020,
	author = {Ferber, Patrick and Helmert, Malte and Hoffmann, J{\"o}rg},
	booktitle = ECAI,
	pages = {{2346--2353}},
	title = {{Neural Network Heuristics for Classical Planning: A Study of Hyperparameter Space}},
	year = {2020}
}

@techreport{wolpert1995no,
	author = {Wolpert, David H and Macready, William G and others},
	institution = {Technical Report SFI-TR-95-02-010, Santa Fe Institute},
	title = {{No Free Lunch Theorems for Search}},
	year = {1995}
}

@misc{pyperplan,
	author = {Alkhazraji, Yusra and Frorath, Matthias and Gr{\"u}tzner, Markus and Helmert, Malte and Liebetraut, Thomas and Mattm{\"u}ller, Robert and Ortlieb, Manuela and Seipp, Jendrik and Springenberg, Tobias and Stahl, Philip and W{\"u}lfing, Jan},
	doi = {10.5281/zenodo.3700819},
	publisher = {Zenodo},
	title = {Pyperplan},
	year = {2020}
}

@inproceedings{victor2013adaptive,
	author = {Gabillon, Victor and Kveton, Branislav and Wen, Zheng and Eriksson, Brian and Muthukrishnan, S.},
	booktitle = NIPS,
	editor = {Burges, Christopher J. C. and Bottou, L{\'e}on and Ghahramani, Zoubin and Weinberger, Kilian Q.},
	pages = {2697--2705},
	title = {Adaptive Submodular Maximization in Bandit Setting},
	year = {2013}
}

@article{corah2019distributed,
	author = {Corah, Micah and Michael, Nathan},
	journal = {Autonomous Robots},
	number = {2},
	pages = {485--501},
	publisher = {Springer},
	title = {{Distributed matroid-constrained submodular maximization for multi-robot exploration: Theory and practice}},
	volume = {43},
	year = {2019}
}

@inproceedings{krayse07observation,
	author = {Krause, Andreas and Guestrin, Carlos},
	booktitle = AAAI,
	pages = {1650--1654},
	publisher = {{AAAI} Press},
	title = {Near-Optimal Observation Selection using Submodular Functions},
	year = {2007}
}

@inproceedings{krause05submodular,
	author = {Krause, Andreas and Guestrin, Carlos},
	booktitle = UAI,
	pages = {324--331},
	publisher = {{AUAI} Press},
	title = {{Near-Optimal Nonmyopic Value of Information in Graphical Models}},
	year = {2005}
}

@inproceedings{gutierrez2021meta,
	author = {Gutierrez, Ricardo Luna and Leonetti, Matteo},
	booktitle = ICAPS,
	pages = {551--559},
	title = {{Meta Reinforcement Learning for Heuristic Planing}},
	volume = {31},
	year = {2021}
}

@article{duanscbsa16,
	archiveprefix = {arXiv},
	author = {Duan, Yan and Schulman, John and Chen, Xi and Bartlett, Peter L. and Sutskever, Ilya and Abbeel, Pieter},
	eprint = {1611.02779},
	journal = {CoRR},
	title = {RL$^2$: Fast Reinforcement Learning via Slow Reinforcement Learning},
	volume = {abs/1611.02779},
	year = {2016}
}

@inproceedings{buffet2007ff,
	author = {Buffet, Olivier and Aberdeen, Douglas and others},
	booktitle = ICAPS,
	pages = {42--48},
	title = {{FF+FPG: Guiding a Policy-Gradient Planner}},
	year = {2007}
}

%ages =        "13--17"
%}

